2040 3426
86 121 124 177 10
426 126 430 133 '
479 116 534 172 ΙΙΙ

85 236 135 274 nee
151 221 274 289 repentis
291 219 360 273 itum
377 216 612 287 cuiusviseumque
628 219 776 274 minantis

84 296 216 349 sentimus
233 311 283 348 noc
299 294 378 363 priva
393 293 497 363 pedum
512 295 629 362 vestigia
644 311 778 364 quaeque,

84 387 196 440 corpore
213 386 285 439 quae
301 370 330 423 in
346 376 440 424 nostro
457 370 557 424 eulioes
574 376 604 424 et
620 377 713 425 cetera
729 373 842 440 ponunt
897 386 940 426 aso

88 463 173 515 ’isque
190 447 259 500 adeo
276 448 353 515 prius
370 450 414 501 est
430 447 459 500 iu
476 446 555 500 nobis
572 448 660 502 multa
676 447 805 501 ciendum

86 520 191 575 ⁴sentina
207 523 366 591 corporibus
383 523 485 576 nostris
500 523 618 576 inmixta
633 539 684 592 per
700 526 786 589 artus,

87 614 168 665 quam
185 599 336 668 pr'mordia
353 599 503 652 sentiscant
519 613 648 652 concussa
664 597 766 651 animai

84 678 114 726 et
130 690 220 742 quam,
231 674 259 726 in
277 675 319 727 bis
336 675 486 728 intervallis
503 673 653 728 tuditantia
668 674 774 743 posint

84 765 245 803 concursare
262 751 334 803 coire
352 758 381 803 et
399 750 545 804 dissultare
561 748 700 819 vicissim]
896 766 939 807 aa

118 826 156 879 Et
172 827 260 893 magis
276 828 321 879 est
337 826 443 879 animus
460 827 525 879 vitai
543 826 663 881 claustra
678 842 808 882 coercens

83 905 113 956 ct
129 901 314 955 dominantior
330 902 367 955 ad
383 902 469 955 vitam
487 919 569 970 quam
588 902 629 955 vis
646 902 754 956 animai.

82 993 146 1030 nam
162 978 220 1031 sine
237 989 330 1031 mente
347 977 492 1045 animoque
508 976 605 1045 nequit
621 977 744 1032 residere
760 994 821 1045 per
827 979 907 1032 artus

82 1053 213 1122 temporis
230 1053 357 1120 exiguam
374 1056 482 1120 partem
499 1069 564 1122 pars
582 1053 638 1106 ulla
655 1053 763 1119 animai,

83 1128 133 1181 sed
150 1144 240 1182 comes
256 1128 411 1217 insequitur
426 1128 505 1182 faulo
522 1133 552 1182 et
569 1128 713 1183 discedit
704 1146 733 1182 m
750 1145 830 1182 auras
895 1144 937 1184 soo

83 1209 113 1258 ct
129 1204 236 1272 gelidos
253 1205 356 1258 artus'
348 1221 376 1257 m
393 1204 452 1259 leti
460 1205 562 1271 frigore
579 1204 688 1273 linquit

83 1284 113 1334 at
131 1286 224 1334 manet
240 1281 269 1334 iu
286 1280 345 1334 vita
361 1281 405 1334 eui
422 1297 499 1335 mens
517 1281 677 1349 animusque
694 1280 833 1334 remansit

83 1357 208 1424 quamvis
226 1359 269 1411 est
286 1356 390 1410 circum
407 1357 494 1411 eaesis
511 1357 585 1410 lacer
601 1356 723 1424 midique
740 1354 873 1409 membris

84 1436 204 1500 truncus,
223 1434 354 1503 adempta
371 1434 461 1486 arsinoa
477 1433 578 1486 circum
596 1432 782 1501 membrisque
799 1433 909 1486 remota

84 1508 152 1562 vivit
169 1516 198 1563 et
216 1509 353 1563 aetherias
370 1509 463 1562 vitalis
479 1508 593 1576 suscipit
610 1523 697 1561 auras
894 1520 936 1562 soe

85 1583 108 1636 si
125 1600 179 1636 non
197 1584 365 1650 omnimodis,
383 1589 413 1637 at
430 1599 529 1650 magna
546 1587 625 1652 perte
643 1582 743 1636 animai

84 1660 213 1728 privatus
230 1665 321 1712 tamen
338 1660 367 1712 in
384 1660 441 1713 rita
458 1663 606 1715 cunctatur
619 1664 649 1712 et
665 1658 777 1724 haerct;

86 1738 124 1803 ut,
142 1734 260 1788 lacemto
278 1734 355 1787 oculo
372 1734 474 1787 circum
492 1734 516 1787 si
532 1735 635 1803 pupula
651 1733 752 1788 mansit

85 1809 233 1877 incolumis,
251 1813 307 1862 stat
324 1810 455 1863 cernundi
474 1810 565 1863 vivata
582 1814 711 1878 potestas,

85 1885 233 1939 dummodo
250 1901 284 1938 ne
301 1887 391 1939 totum
409 1884 566 1954 corrumpas
583 1885 692 1939 luminis
708 1884 803 1939 orbem
895 1900 936 1941 suo

85 1965 113 2016 ct
131 1961 232 2016 circum
249 1961 348 2016 caedas
365 1961 450 2015 aciem
468 1961 608 2029 solamque
626 1961 781 2028 relinquas;

84 2037 114 2092 id
132 2053 240 2107 quoque
257 2037 329 2091 enim
347 2036 543 2106 sinepernicie
560 2053 614 2090 non
632 2037 681 2090 fiet
698 2052 800 2090 eorum

84 2117 114 2168 at
132 2114 155 2167 si
173 2114 279 2168 tantula
296 2130 360 2182 pars
378 2114 448 2168 oculi
465 2113 557 2167 media
574 2112 622 2165 illa
638 2127 735 2180 peresa
752 2114 803 2179 est,

83 2189 184 2244 occidit
201 2190 339 2258 extemplo
356 2189 448 2244 lumen
465 2188 651 2257 tenebraeque
668 2190 804 2254 secuntur,

83 2265 224 2320 incolumis
242 2266 365 2334 quamvis
382 2265 483 2335 aliquoi
499 2264 537 2318 sit
555 2263 714 2334 splendidus
732 2262 813 2316 orbis.
896 2278 935 2317 no

84 2343 134 2396 boc
152 2343 243 2396 anima
260 2347 343 2411 atque
361 2343 467 2395 animus
484 2340 568 2396 vincti
585 2344 650 2394 sunt
667 2339 778 2392 foedere
796 2354 915 2408 semper.

117 2417 143 2470 N
144 2434 197 2472 une
214 2434 273 2485 age,
291 2418 397 2470 nativos
415 2416 600 2470 animantibus
617 2419 646 2470 et
664 2415 788 2470 mortalis

83 2509 142 2546 esso
160 2493 263 2544 animos
280 2492 439 2560 animasque
456 2491 523 2545 levis
540 2494 573 2545 ut
590 2508 701 2546 noscere
718 2490 814 2559 possis,

83 2568 235 2637 conquisita
251 2567 300 2620 diu
318 2566 577 2639 dulcique-reperta
593 2567 686 2621 labore
943 2636 947 2642 .

83 2645 165 2715 digna
182 2647 231 2699 tua
247 2659 360 2713 pergam
378 2642 525 2712 disponere
543 2643 663 2698 earmina
680 2659 752 2696 cura
896 2653 936 2694 42⁰

83 2727 114 2777 tu
130 2722 175 2777 fae
191 2723 340 2789 utrumque
358 2719 405 2772 uni
424 2719 570 2786 subiungas
588 2735 687 2772 nomen
705 2734 807 2784 eorum,

82 2802 166 2868 atque
183 2798 300 2853 animam
318 2795 395 2851 verbi
415 2810 574 2849 causacum
592 2794 683 2847 dicere
700 2809 821 2861 pergam,

84 2874 225 2928 mortalem
237 2890 297 2928 csse
309 2873 418 2937 docens,
431 2870 550 2923 animum
563 2885 671 2938 quoque
682 2869 774 2922 dicere
786 2867 890 2934 credas,

84 2952 217 3016 quotenus
235 2953 278 3003 est
294 2966 378 3002 ιιιιιιιιι
397 2948 471 3001 inter
488 2962 518 3000 se
536 2946 731 3012 coniunctaque
749 2959 794 2998 res
812 2945 861 2996 est

71 3024 213 3091 principio
230 3024 370 3091 qnoniam
379 3027 491 3079 tenuem
507 3025 631 3077 constare
647 3020 760 3075 minutis
897 3031 936 3079 ὦ

59 3098 228 3184 corporibus
247 3099 332 3155 docui
350 3100 502 3173 multoque
518 3097 675 3154 minoribus
692 3110 755 3150 esse

36 3170 198 3239 Pdncr'piis
216 3174 328 3231 [saetam
349 3193 440 3248 quom
462 3176 596 3248 liquidus
610 3187 694 3228 tamor
712 3167 801 3234 aspar
