2040 3426
506 113 523 170 I

100 218 130 270 ot
147 214 195 285 qui
211 213 372 285 principium
389 214 535 282 gignundis
551 231 616 270 aere
633 215 715 272 rebus

99 291 273 359 constituere,
292 293 341 344 aut
358 306 481 343 umorem
500 291 664 360 quicumque
681 295 815 362 putarumt

100 367 203 435 fingere
221 384 266 421 res
283 367 371 435 ipsum
389 383 440 434 per
457 382 494 434 se,
512 369 651 423 terramve
668 372 761 424 creare

99 443 190 496 omnia
208 446 237 497 et
253 443 282 496 in
299 459 391 496 rerum
410 445 522 496 naturas
539 441 642 497 vertier
660 445 755 513 omnis,
916 460 953 503 vlo

99 535 197 587 magno
216 535 299 588 opere
317 535 334 571 e
350 534 415 572 vero
433 516 513 585 longe
532 518 658 591 derrasse
675 519 810 576 videntur.

99 595 171 649 adde
189 594 274 648 etiem
293 594 341 662 qui
359 593 551 662 conduplicant
569 594 719 662 primordia
735 613 827 652 rerum

99 687 163 724 aera
181 670 323 738 iungentes
341 669 398 737 igni
415 672 574 738 terramque
592 670 699 739 liquori,

98 750 128 799 et
146 746 194 814 qui
212 748 343 813 quattuor
361 762 395 798 ex
413 744 496 799 rebus
514 762 594 814 posse
612 748 702 800 omnia
719 750 815 801 rentur

98 839 133 874 ex
150 820 207 888 igni
226 825 301 875 terra
319 824 404 889 atque
420 820 511 874 anima
528 839 701 893 procrescere
719 826 748 877 et
765 823 854 877 imbri.
917 836 953 879 ιιι

99 914 214 966 quorum
234 897 436 965 Acragantinus
454 913 515 950 cum
528 898 628 967 primis
647 898 826 968 Empedocles
843 902 895 968 est,

25 968 28 974 ’
96 974 184 1028 insula
202 990 283 1042 quem
302 973 446 1042 triquetris
464 976 600 1028 terrarum
618 975 704 1043 gessit
721 975 749 1028 in
767 975 830 1042 oris,
856 1005 857 1009 =

98 1067 179 1118 quam
196 1050 307 1103 fluitans
325 1049 426 1104 circum
444 1051 549 1118 magnis
567 1051 733 1105 anfractibus
750 1068 853 1120 aequor

99 1127 205 1180 ionium
222 1126 325 1194 glaucis
343 1126 464 1195 aspargit
481 1126 556 1180 virus
572 1127 609 1191 ah
625 1128 712 1195 undis,

97 1207 267 1271 angustoque
283 1202 358 1263 ¹fretu
376 1201 502 1269 rapidum
519 1219 595 1257 mere
613 1203 712 1257 dividit
728 1203 810 1257 undis
914 1215 948 1257 veo

100 1277 197 1331 Italiae
214 1281 351 1330 terrerum
370 1292 431 1329 ores
449 1292 466 1328 a
483 1275 582 1330 finibus
601 1277 667 1332 eius.

97 1352 142 1405 hie
160 1356 202 1406 est
219 1355 296 1405 vasta
315 1349 466 1418 Charybdis
483 1354 513 1405 et
529 1351 573 1405 hic
592 1352 717 1406 Aetnaea
733 1353 871 1406 minentur

98 1443 237 1481 murmura
255 1427 426 1480 flammarum
444 1443 553 1480 rursum
571 1444 601 1481 se
619 1427 746 1495 colligere
763 1428 824 1496 iras,

96 1504 218 1558 saucibus
237 1507 348 1572 eruptos
366 1503 468 1557 iterum
485 1503 526 1567 vis
544 1506 577 1557 ut
595 1506 687 1559 vomat
703 1504 774 1573 ignis

96 1580 132 1634 ed
149 1580 309 1649 caelumque
327 1579 399 1633 ferat
417 1579 536 1634 flammai
555 1580 663 1648 fulgure
680 1597 796 1634 rursum.
914 1592 951 1642 225

96 1674 246 1725 quaecum
264 1673 363 1724 magna
380 1655 468 1709 modis
487 1656 580 1710 multis
598 1656 722 1711 miranda
738 1656 849 1710 videtur

95 1733 222 1801 gentibus
240 1733 365 1786 humanis
386 1732 461 1800 regio
480 1732 646 1801 visendaque
662 1733 758 1800 fertur,

96 1809 177 1862 rebus
194 1808 285 1878 opima
303 1808 388 1875 bonis,
408 1808 494 1862 multa
512 1809 617 1862 munite
634 1809 722 1863 virum
740 1808 776 1875 vi,

96 1885 133 1938 nil
152 1889 244 1938 tomen
263 1885 313 1938 hoe
330 1883 456 1938 habuisse
474 1885 533 1938 viro
552 1884 717 1952 praeclarius
733 1884 762 1937 in
780 1900 810 1938 se

96 1975 146 2013 noc
163 1962 288 2013 sanctum
305 1960 392 2027 magis
412 1962 440 2012 et
458 1959 557 2012 mirmn
576 1975 721 2028 carumque
739 1959 856 2014 videtur.
913 1971 950 2015 teo

96 2035 216 2088 carmina
234 2034 301 2102 quin
319 2051 334 2087 e
336 2036 402 2088 tiam
423 2033 507 2088 divini
525 2034 643 2102 pectoris
661 2035 721 2087 eius

96 2111 279 2164 vociferantur
297 2113 326 2164 ot
345 2112 485 2177 exponunt
502 2109 642 2178 praeclara
659 2112 776 2178 reperta,

95 2187 189 2240 utrix
206 2186 324 2238 humana
343 2181 470 2239 videatur
489 2184 576 2252 stirpe
595 2188 709 2239 creatus

132 2261 185 2314 Hic
203 2264 295 2313 tamen
314 2264 343 2314 et
361 2277 443 2329 snpra
462 2276 530 2328 quos
549 2259 667 2312 diximus
684 2250 826 2312 inferiores

94 2339 157 2405 part
145 2335 219 2390 tibus
238 2335 348 2403 egregie
366 2336 458 2390 multis
476 2334 618 2403 multoque
636 2333 946 2399 minorentur

95 2429 259 2482 quamquam
276 2412 364 2475 multa
380 2412 450 2466 bene
468 2427 500 2466 ac
517 2411 614 2464 divinit
602 2415 646 2464 tus
662 2410 831 2474 invenientes
917 2457 921 2463 .

95 2506 129 2542 ox
147 2488 229 2556 adyto
247 2491 386 2557 tamquam
404 2489 493 2543 cordis
512 2504 642 2558 responsa
659 2487 762 2541 dedere

95 2565 213 2619 sanctius
231 2567 260 2619 et
277 2564 363 2618 multo
381 2568 457 2620 certe
474 2565 580 2620 ratione
598 2565 684 2633 magis
702 2580 784 2632 quam

96 2640 194 2709 Pythia
211 2657 282 2709 quae
299 2641 401 2710 tripodi
419 2659 436 2695 a
454 2641 559 2695 Phoebi
579 2642 707 2709 lauroque
725 2639 857 2707 profatur,
932 2700 936 2706 Ι

93 2716 232 2785 principiis
249 2719 341 2770 temen
359 2718 388 2770 in
406 2735 498 2771 rerum
516 2719 606 2772 fecere
623 2717 716 2769 ruinas
909 2728 945 2777 vro

75 2795 123 2845 et
139 2792 260 2859 graviter
277 2793 369 2860 magni
388 2810 484 2861 magno
506 2794 627 2848 cecidere
646 2791 684 2845 ibi
702 2806 781 2856 oesu3

93 2867 211 2935 primurn
229 2869 302 2938 quod
321 2872 412 2922 motus
431 2873 559 2938 exempto
577 2868 659 2922 rebus
676 2866 750 2919 inani

93 2944 262 2997 constituunt
280 2949 310 2999 et
327 2962 371 2998 res
390 2944 479 2997 mollis
498 2961 630 3014 rarasque
647 2941 823 3008 reiinquont

92 3035 156 3071 aera
172 3020 284 3074 solem
274 3038 367 3090 ignem
387 3024 481 3077 terras
499 3021 636 3077 unimodis.
648 3020 763 3084 noges

81 3109 134 3146 nee
152 3097 245 3151 tamen
263 3097 452 3158 adrnisccnt'
444 3119 479 3156 ιιι
497 3117 603 3158 eorum
621 3107 735 3167 corpus
743 3091 861 3144 'xum

73 3167 179 3226 deiude
197 3175 277 3244 quod
297 3180 421 3239 omnino
439 3182 538 3238 finem
557 3196 623 3235 non
642 3188 714 3231 csse
732 3154 881 3221 seembs*

967 3073 1015 3109 'neb
