2040 3426
109 125 167 181 124
522 116 554 171 V

102 225 179 294 qnod
194 224 289 292 procul
306 240 323 276 u
341 221 421 277 nobis
436 220 533 275 flectet
548 220 660 273 fortune
675 219 846 288 gubernans,

102 306 133 354 et
149 301 222 354 ratio
238 300 330 368 potius
346 315 429 366 qusm
446 314 492 350 res
507 296 676 366 permndeut
691 297 755 365 ipss

103 376 244 430 succidere
260 375 400 428 horrisono
417 389 499 443 posse
515 373 607 426 omnin
622 372 697 426 rictu
712 373 833 440 fragore.

136 452 211 521 [an
227 452 303 520 prius
320 450 467 518 adgredior
484 448 622 517 quamde
637 465 670 502 rc
687 448 805 502 fundere
822 448 884 502 futu
923 463 960 503 ue

102 528 223 582 sanetius
239 532 269 581 et
285 527 372 580 multo
388 530 465 579 certa
479 525 589 578 ratione
604 525 693 592 magis
711 541 796 594 qnam

104 603 202 670 Pythia
218 621 289 673 qnae
306 602 415 672 tripode
432 619 450 654 o
467 600 572 654 Phoebi
588 601 722 669 lauroque
738 601 876 670 profatur,

103 680 191 733 mults
208 680 260 733 tibi
277 679 422 748 expediam
440 678 528 730 doctis
544 676 645 730 solacis
662 676 760 740 dietim

103 755 234 823 religione
251 756 406 808 refrenatus
422 770 458 807 ne
474 754 547 806 forte
564 752 651 806 rearis

103 834 192 884 terras
209 833 240 884 et
256 830 341 883 solem
358 833 389 883 et
405 829 518 896 caelum
536 845 613 882 mare
631 828 723 881 sidero
739 828 842 898 lunam,
922 844 960 884 115

103 922 217 975 corpore
235 906 326 959 divino
344 905 446 959 debere
464 918 577 958 aeterna
593 921 713 971 munere,

103 986 306 1050 proptereaque
323 986 405 1048 putes
422 982 480 1033 ritu
496 999 549 1050 por
565 997 627 1033 esse
644 980 795 1047 Gigantum

103 1058 226 1125 pendere
243 1073 290 1109 eos
307 1073 409 1125 poenus
424 1056 527 1108 inmani
545 1073 596 1124 pro
613 1055 717 1110 scelere
734 1058 823 1111 omnis

103 1132 151 1199 qui
168 1133 274 1186 ratione
292 1149 341 1184 sua
359 1131 516 1184 disturbent
532 1132 641 1184 moenio
657 1132 753 1184 mnndi

104 1209 328 1277 praeclarumque
346 1207 431 1261 velint
448 1207 516 1261 creti
533 1208 704 1275 restinguere
721 1208 808 1263 solem
922 1227 961 1267 ιω

105 1284 258 1338 inmortalia
275 1283 385 1337 mortali
402 1299 527 1337 sermone
545 1288 688 1348 notantem

104 1378 175 1430 quae
191 1361 287 1430 procul
304 1377 391 1429 usque
409 1360 478 1413 adeo
496 1360 586 1413 divino
603 1378 621 1413 u
637 1361 749 1415 numine
766 1362 880 1430 distent,

103 1437 186 1505 inque
204 1437 286 1491 deum
303 1454 417 1490 numero
434 1453 503 1503 qnae
521 1437 576 1489 sint
593 1436 707 1503 indigno
724 1438 819 1506 videri,

104 1514 229 1566 notitiam
246 1514 338 1582 potius
355 1513 488 1581 praebere
504 1516 537 1566 ut
553 1529 634 1580 posse
650 1516 785 1580 putentur

104 1589 171 1654 quid
188 1590 224 1642 sit
242 1589 315 1642 vitali
334 1592 410 1641 motu
428 1604 562 1655 sensuque
580 1592 723 1642 remotum.
921 1608 960 1649 ιη

104 1664 205 1733 quippe
223 1664 323 1717 etenim
342 1680 395 1715 non
413 1668 463 1729 est,
482 1680 543 1715 eum
561 1663 657 1730 quovis
675 1680 790 1734 corpore
806 1669 841 1722 ut
857 1684 923 1725 csse

104 1754 185 1808 posse
202 1739 282 1792 animi
301 1742 399 1791 natura
416 1741 529 1807 putetur
547 1739 756 1808 consiliumque;

103 1815 174 1869 sieut
191 1815 219 1868 in
236 1814 349 1867 aethere
365 1831 419 1867 non
437 1814 526 1879 arbor,
543 1831 596 1868 non
615 1832 733 1884 aequore
750 1818 823 1871 eum

104 1891 190 1945 nubes
208 1885 267 1945 e'sse
285 1894 388 1959 qucrmt
405 1907 495 1959 neque
512 1891 601 1960 pisces
619 1892 711 1945 vivere
728 1893 757 1945 in
774 1897 848 1950 nmis

103 1984 153 2022 nec
171 1984 251 2022 eruor
267 1967 296 2020 in
313 1966 394 2035 lignis
411 1984 501 2036 nequo
519 1968 592 2021 saxis
609 1984 690 2021 sucus
707 1969 804 2024 inesse.
920 1988 958 2029 ιω

104 2048 209 2098 certum
228 2061 259 2098 uc
278 2043 468 2112 dispositumst
485 2043 533 2096 ubi
551 2044 674 2112 quicquit
692 2049 799 2100 creseat
815 2050 846 2101 et
862 2046 939 2105 insit

104 2120 142 2174 sie
160 2121 243 2174 animi
260 2124 358 2174 nature
376 2119 471 2187 nequit
489 2120 548 2172 sine
565 2136 679 2187 corpore
697 2122 763 2174 oriri

104 2196 160 2249 sola
177 2213 265 2266 neque
283 2213 300 2249 a
317 2196 408 2249 nervis
425 2199 454 2249 et
472 2195 602 2262 sangiune
619 2194 738 2262 longiter
755 2214 822 2252 esse.

103 2272 176 2339 quod
194 2273 217 2326 si
235 2274 339 2342 (posset
356 2272 428 2325 enim
446 2271 533 2325 multo
551 2272 636 2340 prius)
655 2272 716 2341 ipsa
733 2274 815 2327 animi
833 2276 875 2330 vis

103 2349 238 2417 incapite
256 2352 304 2402 aut
322 2349 423 2402 umeris
441 2352 490 2402 aut
507 2347 568 2401 imis
586 2348 705 2402 culcibus
723 2366 783 2404 cssc
917 2369 955 2411 185

103 2428 195 2492 posset
212 2428 242 2477 ct
259 2424 361 2476 innasci
379 2425 475 2492 quavis
492 2425 519 2477 in
538 2428 625 2493 porte,
643 2425 745 2479 soleret

102 2499 213 2552 tandem
226 2499 254 2552 in
267 2498 363 2552 eodem
375 2499 483 2554 homine
495 2505 579 2568 atque
591 2501 618 2554 in
632 2501 729 2555 eodem
741 2519 805 2556 rosc
816 2519 941 2562 manere.

102 2575 176 2643 quod
194 2575 321 2644 quoniam
338 2578 432 2630 nostro
451 2593 557 2646 quoquc
575 2580 682 2631 constat
699 2595 811 2645 corpore
828 2584 940 2637 eertum

103 2653 318 2722 dispositumque
336 2651 446 2706 videtur
463 2653 509 2706 ubi
527 2670 587 2708 esse
604 2656 633 2708 et
650 2670 773 2708 crescere
791 2657 880 2724 possit

103 2746 223 2784 scorsum
233 2729 322 2782 anima
330 2732 413 2796 atquc
423 2730 536 2797 animus,
545 2733 623 2784 tento
632 2730 720 2799 magis
729 2731 903 2787 infitiandum
919 2748 958 2790 140

102 2809 191 2860 totum
208 2823 288 2876 posse
306 2809 385 2859 extro
402 2823 500 2875 eorpus
517 2807 686 2875 formamque
704 2807 849 2861 animalem

102 2882 229 2950 putribus
245 2882 273 2935 in
290 2881 377 2951 glebis
395 2886 531 2936 terrarum
549 2886 597 2936 cut
615 2884 679 2937 solis
697 2884 731 2937 in
748 2882 805 2952 igni

102 2958 195 3012 autin
213 2974 284 3026 aqua
301 2958 401 3012 durare
419 2962 467 3013 aut
485 2959 547 3013 altis
565 2959 685 3013 aetheris
703 2960 765 3014 oris.

95 3031 172 3084 hund
187 3032 277 3100 igitur
293 3038 422 3091 constant
440 3035 532 3090 divino
549 3035 678 3106 praedita
696 3053 785 3103 sensu,

81 3107 315 3176 quandoquidem
335 3118 483 3183 nequeunt
500 3113 625 3168 ritaliter
644 3128 705 3163 esse
721 3112 852 3162 unimotu.
923 3128 966 3164 us

98 3178 186 3235 Illud
201 3185 276 3242 item
299 3207 359 3246 non
380 3195 483 3249 estut
502 3190 600 3262 possis
616 3185 746 3247 eredere,
760 3183 846 3234 sedes
