2040 3426
83 117 99 173 6
206 108 208 112 ’
491 107 508 165 Ι

82 232 199 286 quorum
215 213 254 269 nil
272 180 338 268 fieri
349 211 522 267 manifestum
540 213 590 275 est,
608 210 700 264 omnis
717 208 828 278 quando

82 292 213 362 paulatim
230 292 362 357 crescunt,
379 293 412 343 ut
429 305 479 358 par
496 291 548 355 est,
567 287 671 341 semine
688 289 765 340 certo

83 445 292 510 crescentesque
309 458 395 509 genus
412 442 537 506 servant3
554 442 586 493 ut
603 455 716 493 noscere
733 437 822 506 possis
898 449 935 490 reo

84 519 202 586 quicque
219 534 268 571 sue
285 516 321 570 de
337 516 452 570 materia
469 514 650 582 grandescere
668 513 766 583 alique.

84 594 137 647 huc
155 593 261 648 accedit
278 592 320 645 uti
338 591 396 645 sine
413 591 497 645 certis
514 589 649 644 imbribus
666 590 731 643 anni

82 669 214 724 laetificos
231 670 351 736 nequeat
368 667 442 721 fetus
460 665 625 720 submittere
642 665 726 718 tellus

85 760 135 799 nec
151 760 234 813 porro
252 746 357 797 secreta
374 741 434 795 cibo
451 744 551 795 nature
567 740 735 794 animantum

84 835 236 889 propagare
252 835 338 886 genus
354 817 442 886 possit
458 818 598 884 ritumque
616 815 703 879 tueri;
897 827 934 866 195

86 898 117 948 ut
134 895 225 963 potius
242 893 336 947 multis
353 892 506 947 communia
523 907 637 959 corpore
654 889 737 944 rebus

85 969 172 1023 multa
188 972 269 1037 putee
287 985 355 1033 esse,
371 970 404 1021 ut
421 967 510 1021 verbis
528 966 665 1020 elementa
682 965 811 1029 videmus,

86 1061 168 1112 quam
186 1045 244 1098 sine
261 1042 401 1113 principiis
418 1042 501 1096 ullam
519 1058 579 1096 rem
597 1040 716 1096 existere
732 1056 819 1110 posse.

87 1118 206 1188 denique
223 1135 272 1172 cur
289 1118 415 1172 homines
429 1120 521 1172 tantos
538 1121 639 1171 natura
655 1133 752 1185 parare

87 1210 140 1248 nou
157 1194 255 1262 potuit,
273 1193 390 1262 pedibus
407 1193 455 1262 qui
471 1196 587 1262 pontum
604 1210 654 1262 per
671 1193 741 1247 vade
759 1193 872 1259 possent
896 1205 935 1244 eoo

87 1270 203 1324 transire
220 1272 250 1324 et
266 1285 379 1337 magnos
396 1269 521 1324 menibus
539 1268 669 1323 divellere
686 1268 786 1322 montis

88 1345 229 1414 multoque
246 1345 362 1400 vivendo
380 1345 474 1400 vitalia
491 1346 599 1399 vincere
617 1344 712 1411 saecla,

88 1421 112 1474 si
128 1439 190 1489 uon,
208 1421 338 1475 materies
356 1421 421 1489 quia
438 1421 520 1475 rebus
537 1420 646 1473 reddita
663 1420 767 1472 certast

86 1496 233 1563 gignundis
251 1512 267 1548 e
285 1511 340 1563 qua
357 1497 465 1555 constet
481 1495 550 1561 quid
566 1495 653 1562 possit
670 1492 751 1546 oriri?

88 1571 126 1623 nil
143 1571 228 1638 igitur
245 1570 305 1622 fieri
323 1568 359 1622 de
377 1569 432 1621 nilo
449 1584 529 1636 posse
546 1566 723 1632 fatendumst,
839 1620 843 1627 ,
900 1582 937 1622 sos

88 1645 191 1698 semine
209 1643 317 1712 quando
335 1659 404 1710 opus
421 1646 465 1696 est
482 1641 564 1696 rebus
581 1658 636 1711 quo
653 1658 780 1710 quaeque
797 1646 907 1699 crestae

87 1720 158 1773 acris
176 1719 204 1771 in
221 1722 331 1772 teneras
348 1718 453 1786 possint
470 1717 618 1785 proferrier
635 1735 722 1773 sures.

87 1800 226 1864 postremo
244 1794 371 1862 quoniam
389 1793 499 1847 incultis
516 1796 658 1862 proestare
675 1795 799 1849 videmus
850 1823 853 1826 ·

87 1871 162 1924 culta
179 1869 238 1923 loca
255 1872 284 1923 et
301 1868 426 1922 manibus
443 1868 564 1923 melioris
581 1868 698 1924 reddere
716 1871 796 1939 fetus,

88 1962 147 1999 csse
164 1944 292 2000 videlicet
308 1945 337 1998 iu
354 1945 436 1998 terris
453 1945 604 2014 primordie
620 1959 711 2000 rerum
900 1961 938 2001 210

89 2037 159 2089 quae
176 2037 226 2075 nos
243 2019 373 2075 fecundas
389 2024 530 2075 vertentes
547 2037 657 2076 vomere
674 2023 767 2091 glebas

87 2097 227 2166 terraique
246 2097 333 2151 solum
351 2096 508 2165 subigentes
526 2097 613 2153 cimus
630 2097 667 2152 sd
686 2102 771 2153 ortus.

89 2174 164 2241 quod
181 2173 205 2227 si
222 2173 296 2228 nulla
312 2174 411 2241 forent,
428 2177 523 2228 nostro
541 2174 598 2227 sine
615 2190 740 2243 quaeque
759 2174 851 2229 laboro

89 2253 186 2319 sponte
204 2266 253 2304 sua
271 2251 357 2304 multo
375 2248 436 2303 fieri
454 2250 566 2304 meliora
582 2249 698 2305 'videres

124 2326 188 2380 Huc
205 2327 310 2380 accedit
328 2327 368 2381 uti
387 2327 505 2396 quicque
521 2327 550 2380 in
568 2343 616 2380 sua
633 2343 746 2396 corpora
762 2343 870 2380 rursum
899 2337 936 2377 215

90 2400 222 2453 dissoluat
239 2404 338 2453 natura
354 2417 444 2467 neque
461 2400 499 2453 od
515 2400 600 2453 nilum
618 2400 765 2454 interemat
782 2417 834 2454 res.

90 2490 153 2527 unm
171 2472 261 2540 siquid
278 2473 394 2527 mortale
411 2489 425 2526 e
442 2474 547 2526 cunctis
565 2473 690 2540 partibus
708 2476 790 2539 esset,

90 2566 124 2603 cx
142 2548 226 2602 oeulis
243 2563 288 2600 res
306 2563 430 2616 quaeque
448 2551 563 2616 repente
580 2550 677 2615 erepte
693 2547 804 2615 periret.

90 2624 165 2677 nuile
181 2623 209 2676 vi
225 2623 297 2677 foret
315 2638 381 2676 usus
399 2622 471 2677 enim
489 2639 560 2692 quse
578 2622 703 2692 partibus
721 2621 780 2676 eius

91 2701 234 2755 discidium
252 2714 349 2768 parcre
367 2701 397 2753 et
413 2714 501 2752 nexus
519 2699 658 2753 exsolvere
675 2701 776 2768 posset.
901 2711 938 2752 222

92 2776 165 2845 quod
183 2792 261 2844 nunc,
280 2778 391 2830 aeterno
410 2774 473 2843 quia
491 2778 618 2830 coustant
635 2776 738 2830 semine
756 2789 890 2843 quaeque,

92 2853 321 2907 donec-vissein
338 2868 409 2922 quae
426 2867 472 2906 res
489 2850 646 2907 diverberet
664 2851 721 2906 ictu

92 2933 141 2982 aut
157 2929 232 2982 intus
250 2931 377 2998 penetret
394 2945 444 2998 per
461 2927 552 2982 inania
570 2928 762 2996 dissoluatquo,

93 3004 191 3058 nullius
209 3001 323 3058 exitium
339 3005 444 3074 patitur
460 3007 559 3060 nature
575 3003 670 3059 rideri.

72 3081 227 3159 praeterea
245 3095 439 3154 quoecumque
458 3084 601 3140 vetustate
619 3080 732 3137 emovet
748 3079 837 3143 setes,
910 3088 953 3127 ns

57 3161 88 3197 ⁸1
98 3152 224 3217 penitus
235 3159 368 3225 peremit
385 3177 561 3220 consumens
577 3149 736 3218 materiem
752 3166 880 3216 omnem,

41 3358 79 3390 h.
