2040 3426
111 128 148 183 54
514 121 548 178 ll

109 228 229 296 corporis
247 230 331 294 atque
348 225 430 279 animi
448 226 539 295 pergit
556 226 721 282 conlumlorc
739 239 841 284 sensus.

109 303 297 357 dissoluuntur
313 303 385 356 enim
402 303 542 371 positurae
559 302 753 370 principiorum

108 383 138 434 et
155 378 265 447 penitus
283 379 373 430 metus
390 377 488 430 vitales
505 378 689 447 inpediuntur,

109 455 195 509 donec
213 453 349 521 materies,
367 453 454 506 omnis
472 469 601 507 concussa
618 471 667 522 per
684 459 770 525 artua,

107 531 197 585 vitalis
215 529 321 583 animae
338 528 424 582 nodos
441 545 459 582 a
475 545 587 598 corpore
605 529 686 585 solvit
925 548 967 592 sse

108 606 313 675 dispersamque
330 605 404 658 foras
420 620 471 673 per
487 605 579 658 caulas
591 604 676 660 >eiecit
693 607 787 661 omnis.

107 699 171 736 nam
188 681 255 753 quid
271 684 417 751 praeterea
432 681 523 735 facere
540 681 626 735 ictum
642 698 723 750 posse
740 699 849 737 reamur

107 758 237 828 oblatum,
255 758 306 812 nisi
325 756 462 812 discutere
480 773 512 811 ae
529 756 678 813 dissolvere
695 761 837 829 quaequel

107 835 141 889 fit
157 849 265 903 quoque
283 832 324 887 uti
343 832 448 887 soleant
465 833 554 886 miuus
572 832 664 888 oblato
681 834 782 889 aeriter
799 835 855 890 ictu

106 910 207 978 reliqui
224 912 315 963 motus
333 908 422 962 vitalis
440 908 548 962 vincere
566 924 654 977 saepe,
923 927 965 967 9⁵5

107 984 222 1052 vincere,
240 987 269 1038 et
286 983 404 1052 ingentis
422 983 519 1052 plagae
537 983 634 1038 sedare
652 985 787 1040 tumultus

105 1059 188 1127 inque
206 1075 269 1114 suos
287 1058 417 1127 quicquid
434 1075 529 1112 misus
545 1075 674 1114 revocare
690 1066 798 1115 meatus

107 1138 137 1189 et
154 1135 231 1205 quasi
248 1134 303 1188 iam
321 1135 369 1188 leti
388 1134 573 1189 dominantem
591 1135 619 1189 in
637 1152 751 1204 corpore
767 1140 872 1191 motum

107 1210 245 1266 discutere
264 1227 295 1265 ac
313 1227 399 1280 paene
417 1211 530 1265 amissos
547 1213 696 1266 accendere
714 1229 816 1268 seusus.

107 1303 171 1340 uam
188 1303 273 1356 quare
291 1287 382 1356 potius
399 1287 449 1341 leti
466 1286 521 1340 inm
538 1287 631 1340 limine
649 1287 760 1356 abipso
922 1304 962 1345 arn

107 1363 144 1416 ad
161 1363 246 1417 vitam
263 1363 350 1431 possit
367 1363 490 1419 conlecta
506 1366 600 1417 mente
617 1363 727 1428 reverti,

108 1455 190 1505 quam
208 1455 262 1507 quo
280 1438 426 1494 decursum
443 1455 530 1508 prope
546 1439 602 1493 iam
619 1439 673 1494 siet
691 1439 731 1493 irc
748 1444 778 1494 et
794 1439 888 1496 abiret

107 1518 252 1583 practerea
268 1515 396 1582 quoniam
414 1514 492 1568 dolor
509 1517 554 1569 est
570 1513 618 1568 ubi
635 1515 760 1568 materiai

108 1591 265 1658 corporari
283 1589 401 1658 quadam
419 1606 469 1658 per
486 1590 590 1645 viscera
606 1589 668 1644 viva
684 1607 735 1659 per
752 1595 829 1644 artus

108 1666 254 1719 sollicitata
272 1666 328 1719 suis
345 1665 487 1734 trepidant
503 1666 532 1720 in
550 1666 661 1721 sedibus
678 1666 760 1732 intus,
921 1683 961 1723 aas

107 1741 189 1809 inque
207 1741 296 1795 locum
314 1741 423 1811 quando
440 1741 598 1810 migrant,
616 1743 649 1797 fit
665 1742 767 1796 blanda
783 1743 916 1812 voluptas

107 1817 176 1870 scire
194 1817 258 1870 licet
274 1817 349 1871 nullo
366 1816 518 1886 primordia
534 1835 614 1887 posse
631 1818 725 1872 dolere

107 1893 236 1961 temptari
254 1893 412 1963 nullamque
429 1893 598 1963 voluptatem
616 1910 714 1963 capere
732 1910 766 1947 cx
784 1911 828 1959 se;

107 1969 327 2040 quandoquidem
344 1986 398 2024 non
417 1973 487 2035 sunt,
504 1986 539 2024 ex
557 1970 619 2024 ullis
635 1969 829 2038 principiorum

104 2045 272 2114 corporibus,
291 2062 407 2115 quorum
423 2050 515 2101 motus
532 2046 654 2099 novitate
671 2045 797 2099 laborent
921 2063 961 2104 ere

106 2124 155 2175 aut
172 2121 291 2191 aliquem
307 2123 428 2177 fructum
445 2122 554 2191 capiant
572 2120 724 2176 dulcedinis
741 2121 835 2176 almae.

105 2197 174 2252 lraut
191 2198 277 2266 igitur
294 2198 397 2254 debent
414 2214 475 2252 esse
493 2198 548 2252 ullo
565 2197 692 2267 praedita
709 2215 797 2252 sensu.

141 2273 267 2343 Denique
284 2276 326 2329 uti
343 2276 448 2344 possint
467 2274 569 2329 sentire
587 2273 714 2328 animalia
730 2290 863 2343 quaeque,

104 2349 286 2419 principiissi
304 2351 358 2404 iam
376 2354 419 2406 est
437 2367 533 2405 sensus
550 2350 714 2405 tribuendus
730 2366 831 2414 eorum,

103 2425 177 2493 quim
188 2441 274 2492 genus
285 2424 433 2480 humanmn
444 2427 590 2496 propritim
602 2427 637 2482 de
648 2427 741 2495 quibu‘
755 2426 901 2481 factumst?
922 2441 961 2482 aas

105 2501 209 2555 scilieet
226 2504 256 2555 et
273 2501 331 2555 risu
348 2503 466 2557 tremulo
483 2521 613 2559 concussa
630 2504 791 2558 cachinnant

105 2580 135 2631 et
151 2576 270 2631 lacrimis
289 2581 420 2646 spargunt
437 2581 595 2633 rorantibus
613 2596 661 2631 ora
677 2596 815 2647 genasque

105 2653 246 2721 multaque
264 2653 300 2708 de
317 2668 410 2708 rerum
426 2655 549 2709 mixtum
566 2655 657 2708 dicere
675 2654 775 2707 callent

105 2732 134 2783 et
152 2729 214 2784 sibi.
221 2746 354 2799 proporro
370 2747 441 2799 quae
459 2730 514 2784 sint
530 2730 681 2798 primordia
698 2731 849 2796 quaerunt3

101 2806 326 2876 'qnandoquidem
344 2807 410 2861 totis
428 2805 590 2861 mortalibus
607 2805 771 2860 adsimulata
921 2820 961 2859 aee

104 2881 163 2948 ipsa
180 2898 288 2951 queque
306 2899 341 2937 ex
359 2883 418 2938 aliis
436 2882 540 2938 debent
556 2885 681 2936 constare
699 2882 849 2949 elementis,

104 2956 168 3009 inde
186 2957 239 3010 alia
256 2973 291 3010 ex
309 2958 376 3025 aliis,
393 2975 528 3028 nusquam
546 2959 694 3012 consistere
712 2963 744 3012 ut
761 2959 848 3013 ausis:

96 3031 200 3098 purime
216 3049 323 3102 sequar,
343 3036 540 3106 quodcumque
556 3034 634 3105 loqui
649 3033 800 3102 ridereque
817 3034 894 3086 uices

33 3098 112 3152 et
127 3120 235 3193 sapere,
256 3126 295 3164 ex
311 3112 378 3168 aliis
396 3112 500 3169 cadem
520 3112 592 3169 haee
610 3109 784 3167 iacientibus
798 3115 834 3161 ut
850 3105 900 3158 sit

59 3175 144 3232 quod
159 3179 191 3230 si
206 3183 301 3239 delira
323 3187 397 3245 llaec
417 3191 592 3258 furiosaque
613 3187 759 3254 ceruimus
745 3199 843 3233 esse
960 3191 1002 3224 aa]
