2040 3426
525 124 556 181 V
911 127 966 184 149

114 225 283 295 praesidium
301 243 381 294 reges
397 227 450 295 ipsi
468 226 520 280 sibi
536 228 755 297 perfugiumque,
809 187 813 193 Δ
878 226 880 230 ’

115 306 144 356 et
161 319 245 371 pecus
263 306 347 370 atque
364 319 445 370 agros
463 302 581 357 divisere
599 307 683 372 atque
701 304 804 361 dedere
920 321 968 360 1110

114 395 165 447 pro
181 379 398 446 faeiecuiusquc
416 382 445 433 et
462 379 566 433 viribus
583 380 760 449 ingenioque3

114 472 178 509 nam
195 457 278 510 facies
296 456 412 509 multum
430 455 516 509 valuit
527 452 660 525 ⁴uiresque
678 457 808 524 vigentes.

114 532 249 600 posterius
266 548 311 586 res
329 531 467 585 inventast
484 548 635 600 aurumque
652 537 801 601 repertum,

115 608 190 683 quod
206 608 285 662 facile
303 611 332 662 et
350 607 446 661 validis
464 607 630 676 ct'pulchris
649 607 770 676 dempsit
786 609 920 664 honorem·

115 683 247 739 divitioris
264 684 337 738 enim
355 687 457 738 sectam
474 683 636 752 plerumque
654 687 783 738 secuntur
894 695 900 703 ’
920 680 967 739 ’1115

114 756 275 828 quemlubet
291 763 321 814 et
337 761 424 814 fortes
440 763 469 814 et
486 755 599 827 pulchro
618 775 730 829 corpore
749 761 825 816 creti.

114 835 188 902 quod
205 836 291 904 siquis
308 853 373 890 vcra
389 835 473 889 vitam
491 835 597 889 ratione
614 835 757 905 gubernet,

114 911 227 964 divitiae
244 912 362 980 grandes
379 911 481 965 homini
499 914 563 964 sunt
580 911 672 965 vivere
689 928 771 981 parce

114 1003 202 1055 aequo
213 988 316 1053 anim03
327 1002 416 1057 nequo
428 987 500 1040 enim
513 990 556 1041 est
565 988 695 1056 ‘umquam
711 991 824 1058 penuria
838 991 924 1060 parri.

115 1066 144 1117 at
162 1063 248 1117 claros
265 1062 386 1117 homines
404 1061 697 1133 volucruntse‘atque
715 1069 848 1134 potentes,
918 1083 967 1122 nro

114 1143 146 1193 ut
163 1139 341 1193 fundamento
359 1140 450 1193 stabili
467 1140 577 1192 fortuna
594 1145 718 1194 maneret

115 1219 144 1269 et
160 1215 295 1284 placidam
313 1218 425 1284 possent
442 1214 566 1282 opulenti
585 1215 685 1282 degere
702 1217 793 1283 vitam,

114 1292 286 1360 nequiquam,
305 1290 430 1358 quoniam
448 1290 484 1343 ad
502 1306 637 1342 summum
656 1291 802 1344 succedere
819 1293 949 1346 honorem

115 1370 252 1421 certantes
268 1367 323 1419 iter
339 1366 469 1418 infestum
486 1365 576 1417 fecere
594 1365 655 1432 viai,

115 1446 254 1497 ettamen
272 1458 288 1496 e
303 1457 419 1508 summo,
438 1437 515 1510 quasi
532 1440 642 1507 fulmen,
661 1440 744 1495 deicit
761 1443 829 1496 ictos
920 1458 967 1498 1125

114 1518 217 1572 invidia
233 1517 373 1572 interdum
391 1517 568 1586 contemptim
585 1516 614 1569 in
632 1516 746 1570 'lamara
764 1520 868 1584 taetra;

19 1645 21 1650 .
59 1594 217 1647 11³1invidia
234 1594 368 1662 quoniam,
388 1609 438 1647 ceu
455 1593 575 1661 fulmine,
593 1589 698 1646 summa
715 1598 849 1662 vaporant

116 1670 276 1738 plerumque
294 1672 324 1723 et
342 1672 494 1738 quaesunt
511 1669 570 1721 aliis
588 1669 674 1737 magis
692 1669 767 1723 edita
784 1685 914 1739 cmnque;

60 1753 104 1787 11²⁷
116 1748 148 1798 ut
166 1744 250 1799 satius
267 1745 354 1799 multo
371 1745 426 1798 iam
445 1744 482 1798 sit
498 1761 596 1813 parere
615 1746 737 1814 quietum

117 1837 200 1889 quam
217 1836 312 1889 regere
330 1821 443 1888 imperio
461 1837 505 1874 res
522 1820 592 1874 velle
611 1824 639 1874 ct
657 1838 742 1888 regna
759 1825 862 1876 tenere.
921 1841 967 1876 lla·

117 1896 232 1969 proinde
250 1897 308 1951 sine
324 1896 354 1949 in
371 1911 477 1949 cassum
496 1895 595 1948 defessi
613 1897 743 1962 sanguine
761 1899 868 1964 sudent,

118 1976 260 2042 angustum
280 1988 330 2041 per
347 1972 402 2025 iter
419 1971 555 2022 luctantes
573 1969 728 2023 ambitionis
737 1993 743 2036 ;

61 2061 105 2094 1111
118 2047 340 2119 quandoquidem
358 2046 467 2114 sapiunt
486 2045 572 2098 alieno
591 2061 625 2098 ex
643 2061 690 2098 oro
707 2049 861 2116 petuntque

117 2142 162 2180 ros
179 2141 214 2179 cx
232 2121 336 2176 auditis
353 2122 444 2190 potius
463 2136 544 2189 quam
563 2119 687 2174 sensibus
704 2121 778 2191 ipsis

118 2218 168 2256 noc
177 2200 264 2268 magis
272 2199 302 2253 id
311 2216 382 2253 nunc
392 2201 434 2252 est
443 2214 531 2266 neque
540 2197 663 2250 critmox
672 2214 752 2265 quam
760 2198 813 2252 fuit
822 2201 893 2254 ante.
923 2215 970 2252 uso

154 2277 226 2344 llrgo
243 2275 355 2344 regibus
373 2274 469 2327 occisis
488 2271 619 2326 subversa
636 2273 744 2328 iacebat

119 2352 236 2422 pristina
253 2353 382 2406 maiestas
402 2349 529 2404 soliorum
548 2351 577 2402 et
595 2354 704 2420 sceptra
722 2351 848 2421 superba,

120 2434 148 2483 ct
166 2429 264 2497 capitis
281 2427 380 2483 summi
398 2426 567 2495 praeclarum
585 2426 690 2496 insigne
708 2433 852 2503 cruentum

120 2505 171 2559 sub
189 2505 306 2574 pedibus
323 2504 397 2571 vulgi
414 2519 542 2570 magnum
560 2502 673 2571 lugebat
690 2505 832 2572 honorem3

119 2599 182 2635 nam
201 2580 300 2649 cupide
317 2579 492 2633 conculcatur
509 2580 590 2634 nimis
608 2583 672 2634 ante
690 2583 831 2634 metutam.
861 2589 876 2603 ·’
923 2596 972 2634 nm

120 2674 165 2725 res
182 2657 276 2722 itaque
294 2656 330 2707 ad
349 2671 481 2708 summam
498 2657 601 2709 faecem
619 2656 774 2724 turbasque
787 2657 902 2723 redibat,

120 2732 264 2802 imperium
284 2729 335 2782 sibi
353 2746 415 2783 cum
433 2747 464 2783 ac
482 2734 645 2784 summatum
665 2732 780 2799 quisque
797 2730 919 2800 petebat.

120 2808 185 2862 inde
202 2806 395 2874 magistratum
412 2806 512 2873 partim
532 2806 648 2859 docuere
667 2823 758 2860 creare

119 2885 233 2953 iuraque
251 2881 426 2948 constituere,
444 2885 477 2935 ut
494 2883 597 2935 vellent
615 2882 721 2949 legibus
739 2882 787 2934 uti.

120 2977 183 3014 nam
201 2976 288 3028 genus
305 2958 461 3026 humanum,
480 2957 617 3012 defessum
635 2958 662 3009 vi
679 2956 767 3010 colere
784 2973 887 3024 aevom,
926 2974 975 3011 ua

121 3054 156 3091 ex
173 3035 322 3090 inimicitiis
340 3035 505 3105 languebat,
521 3049 576 3105 quo
592 3033 687 3102 mangis
699 3033 801 3099 'ipsum
924 3043 930 3051 “

114 3115 214 3180 sponte
231 3131 283 3170 sua
300 3113 406 3170 cecidit
424 3114 479 3171 sub
494 3114 579 3185 leges
596 3114 725 3180 artaque
736 3106 818 3157 'iura-

75 3200 78 3204 ·
107 3188 200 3244 acrius
218 3207 257 3248 ex
273 3193 320 3250 ira
338 3194 423 3266 quod
440 3194 523 3252 enim
543 3209 580 3249 se
597 3170 884 3263 musquenmffi
