2040 3426
92 115 147 167 iso
491 106 521 160 V

88 230 176 280 causa,
195 212 294 266 darent
310 210 367 264 late
384 209 490 263 cladem
508 224 674 278 magnasque
691 208 792 264 ruinas

86 304 136 341 noo
154 287 260 340 ratione
278 286 331 339 alia
349 284 479 338 mortales
497 300 557 338 csse
573 284 707 352 videmur,

87 364 160 417 inter
177 380 226 416 nos
243 362 294 415 nisi
312 361 387 429 quod
404 359 507 414 morbis
525 360 708 428 aegrescimus
724 359 814 413 isdem

86 442 172 506 atque
189 439 228 491 illi
247 454 315 506 quos
333 453 350 490 a
368 437 426 490 vita
441 439 540 490 natura
557 435 681 489 removit.
900 451 938 490 aso

124 515 271 567 Praeterea
289 528 475 581 quaecumque
493 514 605 565 manent
622 515 736 565 aeterna
752 515 896 566 necessust

87 592 143 657 aut,
163 589 227 658 quia
245 593 309 643 sunt
327 588 413 642 solido
431 603 493 640 cum
512 603 635 659 corpore²
651 603 783 656 respuere
799 588 872 642 ictus

87 682 138 719 noc
155 668 302 734 penetrare
318 664 377 733 pati
394 662 446 716 sibi
464 662 610 731 quicquam
628 662 704 729 quod
721 665 807 732 queat
823 667 899 718 artas

88 740 234 794 dissociare
251 740 327 793 intus
343 739 438 808 partis,
456 744 488 790 ut
505 736 631 791 materiai

87 832 201 884 corpora
219 819 283 868 sunt
300 831 416 883 quorum
433 817 560 867 naturam
578 813 749 868 ostendimus
766 817 840 882 aute,
900 829 937 869 sos

87 895 136 945 aut
154 892 215 944 idco
234 890 334 943 durare
351 893 472 943 aetatem
488 904 568 957 posse
586 905 636 957 per
653 905 770 956 omnem,

86 967 229 1034 plagarum
247 966 312 1034 quia
330 973 393 1018 sunt
410 964 543 1033 expertia,
561 963 633 1017 sicut
650 965 730 1019 inane
747 968 792 1020 est

88 1043 163 1109 quod
179 1046 271 1095 manet
288 1042 421 1094 intactum
439 1056 528 1107 neque
545 1039 581 1094 ab
598 1039 655 1094 ictu
672 1040 797 1108 fungitur
813 1041 908 1111 hilum,

87 1123 136 1170 aut
154 1117 237 1170 ctiam
256 1117 320 1184 quia
336 1116 410 1168 nulla
427 1115 479 1168 loci
496 1116 529 1169 fit
547 1116 625 1184 copia
642 1117 751 1184 circum,

88 1209 142 1260 quo
160 1192 236 1260 quasi
254 1208 299 1245 res
316 1191 422 1260 possint
441 1191 583 1246 discedere
601 1191 775 1261 dissoluique‚
901 1208 937 1250 eso

89 1269 159 1321 sicut
178 1284 344 1321 summarum
363 1283 468 1319 smnma
484 1271 528 1320 est
545 1270 659 1321 aeterna
675 1285 765 1336 neque
784 1271 865 1323 extre

89 1344 136 1411 qui
154 1345 228 1398 locus
246 1347 290 1398 est
307 1360 361 1411 quo
380 1342 516 1396 dissiliant
533 1359 622 1411 neque
640 1359 754 1412 corpora
772 1347 838 1398 sunt
850 1361 921 1413 quae

90 1420 196 1488 possint
214 1420 333 1474 incidere
351 1423 380 1473 et
398 1418 488 1472 valida
506 1418 654 1474 dissolvere
671 1420 758 1488 plaga.

88 1502 118 1549 at
137 1513 233 1565 ucque,
256 1497 297 1551 uti
316 1496 402 1561 docui,
421 1494 506 1548 solido
524 1511 586 1548 cum
604 1511 718 1564 corpore
735 1495 830 1549 usundi

88 1576 220 1640 uatmast,
238 1573 364 1639 quoniam
382 1571 561 1625 admixtumst
579 1572 606 1624 in
624 1571 706 1624 rebus
724 1571 812 1637 inane,
901 1587 938 1627 sos

90 1663 140 1700 nec
157 1651 250 1701 tamen
268 1649 312 1700 est
329 1650 361 1699 ut
379 1647 465 1711 inane,
482 1663 571 1714 neque
588 1650 679 1700 autem
697 1663 812 1715 corpora
829 1647 938 1716 desunt,

90 1738 124 1775 ex
142 1722 248 1775 infinito
266 1738 336 1790 quae
354 1722 458 1789 possint
476 1723 547 1776 forto
563 1726 657 1776 coorta
957 1740 960 1744 ’

88 1813 215 1851 corruere
233 1797 303 1851 hanc
320 1813 411 1850 rorum
429 1798 548 1852 violento
566 1798 676 1852 turbine
693 1814 827 1852 summam

88 1876 137 1927 aut
154 1873 234 1926 aliam
253 1873 375 1941 quamvis
393 1872 500 1927 cladem
517 1873 658 1942 inportare
675 1873 777 1943 pericli,

88 1966 139 2003 nec
156 1965 238 2018 porro
255 1953 352 2003 natura
370 1949 422 2002 loci
441 1949 616 2018 spatiumque
634 1949 763 2019 profundi
901 1965 939 2007 ³7⁰

89 2025 189 2089 deficit,
207 2027 333 2094 exspargi
352 2041 406 2093 quo
423 2025 529 2093 possint
546 2027 654 2079 moenia
671 2026 774 2093 mundi,

88 2105 136 2155 aut
153 2102 206 2154 alia
222 2102 317 2170 quavis
336 2105 449 2168 possunt
466 2101 493 2155 vi
510 2101 590 2170 pulsa
607 2102 705 2170 perire.

88 2176 157 2229 haut
173 2177 259 2244 igitur
277 2177 325 2230 leti
344 2176 488 2246 praeclusa
505 2181 549 2230 est
565 2177 647 2230 ianua
664 2177 739 2231 caclo
804 2197 809 2204 ·

89 2269 140 2306 nec
158 2253 207 2305 soli
225 2257 369 2320 terraeque
388 2269 477 2321 neque
495 2251 558 2306 altis
576 2253 702 2321 aequoris
720 2253 807 2320 undis,

90 2329 139 2381 sed
158 2331 235 2394 patet
253 2329 363 2382 immani
382 2332 411 2383 ct
429 2332 507 2383 vasto
524 2332 663 2396 respectat
680 2330 764 2383 hiatu,
844 2372 855 2400 ‚
903 2346 942 2387 ³75

89 2420 174 2470 quiue
192 2404 275 2457 etiam
293 2405 385 2458 nativa
402 2409 572 2459 necessumst
590 2405 735 2459 confiteare

89 2479 157 2531 lmec
175 2477 286 2542 eadem;
304 2495 394 2547 neque
412 2480 491 2548 onim,
509 2481 619 2534 mortali
637 2497 750 2550 corporo
768 2497 839 2548 quac
858 2484 933 2550 suut,

89 2571 123 2606 cx
142 2552 247 2606 infinito
264 2552 317 2606 iam
335 2557 460 2624 tempore
477 2555 566 2610 adhuc
584 2557 737 2624 potuissent

88 2629 202 2683 inruensi
220 2627 324 2684 validas
340 2632 398 2685 aevi
418 2635 592 2686 contemnere
612 2632 691 2686 vires.

124 2705 249 2775 Denique
261 2710 406 2776 tantopere
418 2707 491 2761 inter
503 2724 533 2761 so
545 2724 605 2761 cum
618 2707 737 2760 maxima
748 2705 843 2760 mundi
904 2721 943 2762 sso

89 2786 212 2850 pugnent
229 2783 359 2848 membra,
376 2784 422 2852 pio
440 2799 611 2850 nequaquam
627 2783 733 2837 concita
750 2781 829 2848 bollo,

89 2874 178 2911 nonno
196 2858 272 2913 vides
290 2858 409 2927 aliquam
427 2859 500 2925 longi
519 2859 674 2912 certaminis
691 2858 752 2912 ollis

89 2949 170 3002 posse
187 2933 246 2987 dari
264 2934 363 2988 fineml
381 2934 424 2988 vel
442 2950 504 2987 curn
522 2933 561 2987 sol
579 2937 608 2989 et
625 2951 710 3003 vapor
728 2932 816 2987 omnis

90 3008 215 3062 omnibus
232 3011 322 3080 epotis
338 3009 479 3065 umoribus
496 3010 700 3078 oxsuperarint:

75 3084 254 3150 quodfacero
260 3087 423 3157 intendant,
431 3103 526 3158 usquc
532 3085 624 3140 adliuc
631 3087 951 3150 conatupatrantuxxsss

57 3162 174 3217 entem
194 3165 391 3234 suppeditent
410 3180 514 3222 amnes
532 3163 669 3228 ultraque
684 3157 827 3210 minantur
