2040 3426
498 81 547 136 xix

97 223 187 291 tisquc
196 220 304 277 duabus
312 219 449 288 litterulis,
466 217 562 289 scripsi
577 218 655 286 itque
672 217 789 274 unimur
801 219 864 274 lton·
878 219 953 288 ‘quo-

97 309 177 364 niam'
195 309 235 364 cit
249 309 364 363 ‘notum
375 306 483 362 animae
498 305 550 360 hnc
564 305 671 362 ratione
689 306 824 362 scinditur
841 310 871 362 et
889 323 954 376 pau-

98 395 176 449 latim
187 395 225 448 it’.
244 393 276 449 of.
290 398 341 448 526
354 409 415 463 sqq.

151 484 200 534 551
232 495 280 549 pro
306 493 398 539 sronn
417 476 607 532 Lachmannus
630 477 688 533 sine
709 494 790 534 causa
807 482 866 532 aut.
884 476 917 530 cf.
937 493 954 530 v

105 572 155 621 965
172 563 627 635 plandrsntqueartitnnclpira.
777 628 780 633 ⁴

151 657 202 706 553
220 667 270 720 pro
278 661 459 702 5155555515
507 659 576 701 nm
587 648 690 719 optime
699 647 814 703 Vossius
823 649 955 703 licuntur

100 737 166 790 5555.
184 735 376 789 Lachmannus
388 735 542 789 lincuntur
553 733 620 789 tuti.
636 735 760 788 ceterum
771 733 841 788 istae
852 737 953 802 partes,

100 837 154 875 non
165 820 195 874 iu
206 836 290 890 parvo
303 821 435 888 tempore,
449 820 546 888 sed‚ut
555 819 692 890 separatio
704 820 777 874 fucta
789 822 839 887 est,
853 818 955 888 statim,

101 905 256 960 lincuntur
267 903 332 958 tali.
344 903 373 956 in
384 920 469 973 parvo
480 903 600 972 denique
612 906 737 972 tempore
748 903 887 958 licuntur.

154 995 204 1050 557
224 993 254 1045 55
277 995 328 1045 558
351 993 475 1045 veterem
495 989 546 1045 loci
569 989 816 1059 interpunctionem
839 988 955 1044 restitui.

102 1076 299 1142 Lachmannns,
323 1075 432 1129 sublata
451 1078 514 1143 post
532 1075 667 1130 adtineret
687 1074 870 1142 distinctione,
892 1076 956 1143 post

102 1164 224 1230 uertique
234 1163 415 1231 interpunxit

156 1250 207 1306 574
224 1263 275 1315 pro
286 1259 338 1299 nos
352 1248 464 1317 egregie
476 1247 619 1302 Bentleius
631 1264 668 1302 55.
680 1249 765 1301 miror
776 1248 956 1327 certissimam

103 1333 173 1386 hunc
184 1330 404 1400 lenissimamque
412 1330 630 1385 emendationem
643 1332 672 1383 55
681 1334 788 1384 ceteros
799 1331 920 1384 editores
927 1333 957 1384 ct

105 1414 308 1470 Lachmannum
324 1414 461 1482 fefellisse,
474 1413 527 1483 qui·
537 1428 587 1481 pro
601 1424 782 1466 susumus
793 1413 957 1469 Wakefieldi

104 1502 288 1559 coniecturam
298 1500 333 1555 iu
344 1516 372 1556 55
383 1500 516 1556 attineant
527 1499 641 1568 recepit
670 1502 674 1508 ’

157 1594 207 1643 586
218 1603 270 1656 pro
276 1597 406 1639 555555
416 1596 596 1644 summus
607 1601 670 1640 cum
678 1584 847 1640 Wakefieldo
856 1585 958 1639 enimn

105 1679 253 1728 enrnnnnts
265 1672 366 1742 scripsi
397 1672 587 1727 Lachmannus
602 1677 738 1725 manante
749 1671 851 1726 onium
862 1686 957 1739 usqne.

157 1761 207 1817 617
224 1773 275 1827 pro
299 1767 480 1808 5551551555
495 1767 631 1809 omos
650 1756 745 1825 scripsi
768 1756 897 1810 hominis
915 1772 958 1811 re-

104 1842 243 1909 plenitur.
272 1841 461 1895 Lachmannus
470 1840 628 1906 repionibu'
636 1840 767 1908 pectoris

156 1933 206 1982 620
234 1941 285 1996 pro
308 1936 445 1979 rusnoms
468 1940 531 1979 cum
562 1924 711 1993 Bcrnuysio
738 1924 860 1994 partitis
883 1925 957 1980 dedi.

110 2011 298 2066 Lachmannus
306 2010 448 2081 perfertis.

160 2103 211 2152 633
220 2114 270 2166 pro
282 2108 424 2150 5551555
435 2096 576 2152 lenissima
583 2094 736 2150 mutatione
744 2097 847 2151 auditu
856 2098 959 2166 scripsi.

107 2183 305 2250 Lachmannus,
314 2183 555 2252 plenapostaures
565 2180 785 2248 interpunctione
793 2181 963 2249 5555555551

109 2267 211 2335 ipitur.

160 2352 268 2408 657-8.
302 2350 379 2405 locus
395 2352 548 2418 corruptus,
560 2364 642 2418 quem
657 2347 847 2406 Lachmnnnus
865 2368 960 2422 quam-

108 2451 192 2506 quam
203 2434 336 2491 audacter
347 2433 475 2502 correxit,
485 2434 636 2489 orationem
647 2435 741 2488 tumen
753 2437 784 2490 55
796 2439 960 2493 sententiam

108 2538 163 2576 uon
175 2521 242 2576 sutis
253 2525 347 2591 uptam
359 2520 454 2576 effecit.
490 2536 542 2590 pro
559 2534 694 2576 5155555
710 2520 819 2591 scripsit
830 2523 960 2593 miranti,

109 2626 159 2679 pro
177 2619 333 2661 85555555
344 2618 445 2659 55555
460 2614 618 2676 serpentem
630 2612 729 2678 cunda,
741 2627 762 2678 5,
773 2627 824 2678 pro
842 2621 960 2662 55555-

110 2694 169 2754 uu'u
188 2692 339 2760 utrimque.
373 2691 502 2760 equidem
521 2708 576 2747 non
600 2695 696 2752 dubito
717 2695 783 2765 quin
806 2701 961 2760 utrumque

111 2779 220 2833 aliunde
238 2779 291 2832 huc
309 2777 507 2847 i1·rcpserit‚ex
521 2783 572 2839 637
584 2780 627 2836 vel
641 2787 699 2837 668.
734 2780 803 2834 haec
820 2782 895 2834 certe
907 2780 962 2834 Lu-

111 2865 233 2920 555555
252 2880 313 2920 5555
331 2862 459 2917 videntur
475 2863 577 2931 linqua
592 2866 721 2920 uibrante
740 2866 882 2921 minantis
897 2865 962 2921 Ser-

110 2951 356 3020 ponderandum
375 2952 469 3006 cetera
480 2949 613 3019 expedire
624 2966 678 3004 non
689 2967 807 3022 possum.

164 3043 215 3092 685
227 3038 376 3094 rectissime
391 3036 494 3094 delevit
506 3036 662 3094 Lambinus.
698 3039 977 3100 1555555555-

113 3124 176 3176 rato
187 3139 276 3193 vorsu,
285 3141 335 3195 pro
345 3137 484 3180 urrunnu
497 3126 616 3198 scripsit
627 3134 741 3182 urccut.
