2040 3426
484 120 516 177 V

81 227 120 280 sic
140 225 225 294 igitur
243 228 302 280 tum
321 242 351 280 se
368 225 435 281 levis
452 241 484 280 ac
502 225 627 286 diffimilis
645 226 742 280 aether

81 319 196 371 corpere
214 305 341 356 concreto
359 301 544 355 circumdatus
562 301 683 370 undique
693 301 778 367 flacit

81 381 111 431 et
128 378 184 431 late
203 377 316 430 diffusus
333 377 362 430 in
380 377 466 431 omnis
484 377 604 446 undique
622 377 709 445 partis

81 455 171 507 omnia
189 454 227 507 sic
246 453 326 508 avido
344 454 488 522 complexu
507 457 598 508 cetera
617 454 725 522 saepsit.
896 469 933 509 470

81 530 153 584 hunc
173 529 286 584 exordia
304 533 367 583 sunt
385 530 448 584 solis
466 531 599 599 lunaeque
618 532 717 596 secuta,

80 607 271 676 interutrasque
288 604 363 674 globi
381 622 496 674 quorum
514 609 660 661 vertuntur
678 605 706 658 in
725 605 812 665 auris:

82 700 152 752 quae
169 699 258 751 neque
276 693 352 736 terra
370 682 421 735 sibi
439 682 555 736 adscivit
572 699 622 736 nec
640 682 774 736 maximus
792 683 894 749 aether,

82 759 156 828 qued
174 775 263 828 neque
281 762 338 813 tam
355 759 467 813 fuerunt
484 758 578 827 gravia
594 762 627 813 ut
646 760 774 827 depressa
792 759 927 823 sederent,

81 852 132 889 nce
149 834 219 888 levia
236 838 269 889 ut
286 838 398 904 possent
415 852 465 903 per
483 851 601 889 smnmas
618 835 706 889 labier
724 852 792 901 cras,
896 851 931 888 475

82 914 220 964 ettamen
238 911 428 979 interutrasque
446 912 486 965 ita
504 915 568 966 suut
585 914 617 966 ut
635 928 748 980 corpora
766 911 828 966 viva

81 990 191 1040 versent
209 989 238 1040 et
254 990 348 1056 partes
366 990 397 1040 ut
416 989 511 1041 mundi
528 988 614 1043 totius
631 991 743 1054 extent3

81 1063 155 1131 qued
172 1080 257 1131 genus
275 1063 303 1116 in
322 1063 399 1117 nobis
418 1064 553 1132 quaedam
571 1065 637 1119 licet
654 1065 683 1118 in
701 1066 818 1120 statione

80 1139 203 1192 membra
220 1156 338 1209 manere,
356 1144 448 1193 tamen
466 1157 527 1194 cum
545 1142 599 1195 sint
616 1158 649 1195 ea
667 1158 737 1210 quae
755 1146 922 1196 moveantur.

79 1215 122 1267 his
139 1214 224 1282 igliur
241 1216 324 1269 rebus
341 1217 468 1268 retractis
486 1220 561 1269 terra
578 1220 699 1284 repente,
893 1234 929 1272 sse

79 1307 208 1344 maxuma
227 1307 281 1359 qua
298 1307 368 1344 nune
387 1307 416 1344 se
434 1291 512 1358 ponti
530 1292 611 1359 plaga
629 1293 736 1345 caerula
752 1293 851 1361 tendit,

80 1367 197 1420 succidit
215 1370 244 1420 et
262 1367 331 1420 salse
351 1366 465 1419 suffudit
481 1367 592 1434 gurgite
610 1368 703 1422 fossas.
772 1376 774 1378 ’

36 1499 40 1506 ,
79 1443 162 1511 inque
181 1443 240 1496 dics
258 1446 361 1511 quante
380 1441 482 1496 circum
500 1443 586 1510 magis
606 1443 726 1496 aetheris
743 1447 836 1497 aestus

80 1523 109 1573 et
127 1519 196 1572 radii
215 1518 279 1571 selis
299 1518 434 1585 cogebant
451 1517 573 1586 undiquc
591 1520 694 1572 terram

79 1594 238 1648 verberibus
256 1595 358 1648 crebris
376 1599 500 1648 extrema
517 1594 553 1647 ad
570 1595 664 1649 limina
681 1596 713 1650 in
731 1600 831 1666 artum,
892 1611 928 1652 485

78 1671 107 1723 in
126 1671 217 1725 medio
234 1676 266 1724 ut
284 1672 411 1740 propulsa
430 1688 478 1724 suo
496 1672 633 1725 condensa
651 1673 743 1739 coiret,

79 1752 137 1801 tam
155 1748 239 1815 magis
258 1765 403 1816 cupressus
422 1747 507 1801 salsus
526 1747 561 1802 de
579 1765 691 1817 corpore
709 1750 793 1804 sudor

79 1823 198 1891 augebat
216 1841 290 1876 mare
308 1824 443 1877 manando
461 1841 624 1893 camposque
642 1827 770 1894 natantis,

79 1903 108 1953 et
126 1902 204 1952 tanto
222 1899 309 1967 magis
327 1900 374 1952 illa
391 1899 463 1952 feras
482 1898 573 1953 clabsa
590 1900 718 1954 velabant

78 1993 190 2044 corpora
208 1975 295 2028 multa
312 1975 419 2042 vaporis
437 1979 466 2028 et
484 1975 554 2028 acris
572 1976 682 2043 altaque
699 1977 766 2031 caeli
894 1997 929 2034 se]

78 2051 229 2106 densabant
247 2051 340 2118 procul
358 2067 374 2102 a
391 2050 473 2104 terris
490 2050 623 2118 fulgentia
640 2052 749 2120 templa

77 2128 204 2182 sidebant
221 2127 317 2194 campi,
336 2125 496 2179 crescebant
513 2126 652 2180 mentibus
670 2126 733 2181 altis

77 2220 218 2270 ascensus;
236 2219 325 2272 neque
344 2202 415 2256 enim
433 2204 562 2271 poterant
580 2201 721 2269 subsidere
740 2221 805 2260 saxa

77 2296 127 2333 nce
143 2280 248 2349 pariter
266 2278 431 2333 tantundem·
446 2295 540 2332 omnes
559 2279 734 2333 succumbere
752 2283 845 2350 partis.

113 2356 158 2410 Sic
175 2355 260 2423 igitur·
278 2359 368 2409 terrae
387 2358 513 2409 concrete
531 2371 644 2424 corpere
662 2356 767 2424 pondus
893 2377 927 2412 ns

77 2433 200 2485 constitit
218 2436 302 2501 atque
321 2432 407 2485 onmis
425 2431 520 2485 mundi
539 2432 616 2500 quasi
635 2431 715 2485 limus
732 2433 760 2485 in
778 2433 860 2487 immn

78 2507 209 2562 confluxit
226 2509 317 2576 guaris
336 2512 365 2562 et
384 2509 508 2563 subsedit
525 2508 650 2563 funditus
666 2514 698 2563 ut
715 2511 792 2576 faex3

77 2585 142 2637 inde
160 2601 237 2637 mare
255 2585 318 2639 indc
336 2603 384 2639 aer
401 2585 466 2639 inde
484 2586 581 2639 aether
598 2586 697 2654 ignifer
714 2587 773 2655 ipse

77 2659 234 2729 corporibus
251 2659 361 2727 liquidis
380 2664 444 2715 sunt
462 2663 551 2715 omnia
568 2679 637 2731 pura
655 2662 757 2731 relicta,

77 2738 107 2789 ct
123 2736 227 2791 leviora
245 2736 304 2788 aliis
321 2735 381 2803 alie,
402 2739 431 2789 et
447 2736 645 2806 liquidissimus
663 2736 759 2797 aether
891 2753 928 2792 sce

76 2816 160 2880 atque
176 2810 328 2866 levissimus
346 2812 433 2865 aerias
452 2828 533 2880 super
550 2812 640 2866 influit
657 2828 744 2879 auras,

75 2904 126 2942 nec
142 2887 277 2956 liquidum
295 2904 392 2954 corpus
410 2883 585 2940 turbantibus
602 2888 673 2940 acris
691 2888 763 2942 auris

76 2965 247 3031 cornmisect3
266 2964 330 3017 sinit
348 2962 414 3016 hacc
432 2961 557 3016 violentis
575 2962 666 3016 emnia
682 2964 752 3017 verti

76 3039 239 3106 turbinibus,
258 3040 322 3095 sinit
339 3039 453 3094 incertis
470 3038 588 3095 turbare
601 3039 747 3109 ereemlxs„

69 3115 130 3182 ipsc
147 3133 212 3171 suos
229 3117 302 3186 ignis
321 3122 401 3175 certo
420 3118 480 3175 lert
498 3117 611 3190 impete
624 3113 743 3170 tenens.
856 3175 863 3185 1

59 3204 124 3242 nam
143 3193 255 3249 modice
276 3196 368 3254 fluere
387 3202 484 3271 atque
503 3215 563 3253 une
578 3210 677 3266 ,nesse
693 3184 827 3243 uem*
840 3182 918 3222 m*

932 3109 981 3144 ‘No
