2040 3426
80 217 221 273 munificat
237 215 323 272 tacita
340 215 463 272 mortalis
481 221 557 272 muta
574 218 670 288 salute,
896 237 936 279 ms

80 311 144 349 aere
161 297 244 363 atque
262 296 376 361 argento
393 297 520 347 sternunt
536 294 591 348 iter
608 311 688 350 omne
705 296 809 351 viarum
904 348 906 353 .

80 370 201 437 largifica
219 370 291 439 stipo
308 368 429 424 ditantes
446 369 616 440 ninguntque
633 386 756 427 rosarum

80 445 192 499 floribus
209 445 368 500 umbrantes
384 448 502 512 matrem
520 446 703 516 comitumque
720 456 851 505 catervas.

79 522 124 575 hic
141 525 247 575 armata
263 538 367 591 manus,
386 521 500 576 Curetas
517 522 626 576 nomine
644 523 708 578 Grai

79 614 147 664 quos
158 601 311 652 memorant
325 597 463 667 Phrygios,
475 599 547 652 inter
558 614 588 652 se
599 599 672 653 forte
683 602 760 667 qaod
768 604 863 657 ermis
897 619 937 658 oco

79 673 178 727 ludunt
194 673 223 726 in
242 690 440 741 numerumque
458 673 584 728 exultant
601 676 799 743 sanguinolenti

80 750 212 804 terrificas
231 751 352 820 capitum
371 750 526 817 quatientes
544 750 662 804 momine
680 752 784 822 cristas,

80 825 209 880 Dictaeos
226 827 350 880 referunt
370 825 485 879 Curetas
503 826 549 893 qui
568 826 642 880 Iovis
659 827 735 882 illum

79 902 201 969 vagitum
218 902 247 955 in
265 901 348 955 Creta
366 900 502 968 quondam
520 901 670 956 occultasse
683 904 818 973 *ferrmtuq

80 994 142 1031 cum
160 976 239 1046 pueri
257 977 500 1045 circumpuerum
511 977 621 1045 pernice
639 978 737 1034 chorea
898 996 937 1036 ωε

80 1055 194 1108 armatei
211 1053 240 1105 in
257 1056 400 1106 numerum
419 1052 561 1122 pulsarent
578 1055 687 1109 aeribus
704 1073 775 1125 aera,

80 1147 115 1184 ne
133 1131 266 1184 Saturnus
284 1145 347 1183 cum
365 1128 442 1182 molis
461 1129 604 1184 mandaret
621 1131 739 1202 adeptus

80 1210 275 1274 aeternumque
294 1205 374 1259 deret
392 1205 474 1259 matri
493 1205 544 1269 sub
561 1209 674 1276 pectore
691 1209 793 1264 volnus.
939 1255 946 1265 ,,

80 1286 228 1353 propterea
244 1298 370 1351 magnam
390 1282 488 1335 arm'ati
506 1284 624 1336 matrem
642 1284 814 1354 comitantur,
898 1299 936 1340 cao

80 1363 129 1415 aut
146 1361 210 1428 quia
227 1359 380 1428 significant
399 1358 489 1412 divam
507 1359 666 1427 praedicere
683 1363 715 1414 ut
731 1361 813 1415 armis

81 1454 113 1490 ac
130 1438 232 1491 virtue
250 1435 336 1489 velint
352 1435 470 1505 patriam
488 1435 636 1489 defendere
653 1439 755 1490 terram

81 1513 271 1583 praesidioque
289 1515 388 1581 parent
407 1510 551 1577 decorique
569 1512 728 1580 parentibus
746 1529 813 1566 esse.

81 1606 150 1657 quac
168 1589 237 1641 bono
256 1591 285 1641 ct
302 1586 400 1640 eximie
418 1585 541 1653 quamvis
559 1587 681 1656 disposta
698 1578 828 1656 ferantdr,

81 1664 161 1732 longo
182 1666 245 1717 srmt
264 1666 358 1716 tamen
376 1678 393 1714 a
409 1677 474 1715 vera
492 1664 536 1715 rat
536 1661 599 1717 ione
614 1665 733 1733 repulsa
899 1679 945 1720 ers.

82 1740 169 1793 omnis
187 1739 258 1793 onim
276 1755 374 1806 perse
392 1737 481 1791 divom
499 1742 598 1792 natura
613 1745 752 1796 necessest

81 1815 218 1870 inmortali
237 1831 303 1868 aevo
321 1831 427 1867 summa
444 1832 507 1868 cum
524 1831 592 1884 pace
608 1815 717 1870 smatnr

83 1895 187 1946 semota
205 1891 240 1944 ab
257 1891 357 1944 nostris
375 1889 457 1944 rebus
476 1891 652 1959 seiunctaque
670 1892 757 1960 longo.

82 1986 144 2023 nom
161 1968 269 2038 privata
288 1966 381 2021 dolore
400 1967 480 2035 omni,
499 1967 606 2037 privata
623 1968 739 2037 periclis,

80 2046 141 2116 ipsa
158 2045 214 2098 suis
231 2045 337 2114 pollens
356 2043 460 2113 opibus,
477 2044 516 2096 nil
532 2042 624 2112 indiga
642 2044 737 2112 nostri,
900 2059 937 2100 oo

81 2139 131 2177 nec
148 2123 218 2177 bene
235 2121 392 2191 promeritis
412 2120 520 2190 capitur
538 2136 626 2188 neque
644 2120 765 2189 tangitur
782 2121 831 2175 ira

36 2215 69 2247 ιιι
80 2199 125 2254 hic
143 2199 226 2269 siquis
244 2215 319 2253 marc
338 2197 500 2267 Neptunum
521 2195 703 2264 Cereremque
719 2213 817 2251 vocare

81 2275 222 2330 constituit
240 2275 333 2344 fruges
351 2277 380 2329 ct
400 2273 501 2329 Bacchi
519 2273 626 2327 nomine
644 2272 720 2326 abuti
737 2320 740 2326 ,

81 2353 183 2407 mavolt
202 2367 283 2420 quam
300 2351 389 2404 laticis
407 2350 549 2420 proprium
567 2349 689 2418 proferre
707 2365 844 2417 vocamen,

82 2429 260 2483 concedamus
277 2429 310 2478 ut
326 2426 370 2477 hic
388 2428 524 2478 terrarum
542 2425 652 2479 dictitet
669 2424 763 2478 orbem
901 2437 938 2478 oss

82 2520 141 2558 esse
160 2503 242 2556 deum
260 2502 385 2566 matrem,
403 2499 469 2551 dum
486 2516 553 2554 vera
569 2515 600 2552 re
618 2502 711 2553 tamen
728 2500 787 2568 ipsc

36 2578 211 2646 rereligione
230 2576 349 2628 animum
366 2574 442 2643 turpi
461 2574 618 2642 contingere
635 2576 738 2644 parcat.

35 2659 156 2710 creterra
173 2652 283 2722 quidem
300 2667 365 2705 vero
384 2655 460 2706 caret
478 2649 551 2703 omni
569 2653 692 2720 tempore
710 2666 797 2717 sensu,

82 2736 111 2786 et
128 2732 191 2802 quia
207 2730 355 2783 multarum
375 2728 480 2798 potitur
497 2725 647 2798 primordia
663 2743 763 2795 rerum,

82 2809 167 2863 multa
184 2807 272 2861 modis
289 2805 383 2860 multis
408 2805 487 2860 effert
504 2805 533 2858 in
552 2804 655 2859 lumina
672 2804 743 2859 eolis.
902 2817 939 2857 ooo

36 2898 70 2931 ⁶⁶⁰
117 2886 245 2954 Saepet
222 2885 245 2939 it
247 2903 316 2955 aquo
335 2902 369 2938 cx
387 2900 440 2937 uno
459 2882 606 2936 tendentes
623 2880 747 2950 gramina
763 2894 859 2948 campo

29 2962 218 3029 lanigerae
238 2962 359 3028 pecudes
377 2963 406 3014 ct
424 2977 555 3029 equorum
575 2959 692 3013 duellica
708 2957 800 3027 proles

68 3037 265 3106 buceriaeque
279 3054 347 3106 gre
333 3054 381 3092 ros
399 3038 498 3093 eodem
516 3037 567 3093 sub
584 3035 706 3105 tegmine
722 3032 792 3088 caeli

59 3125 98 3160 cx
119 3126 232 3180 unoquo
249 3113 329 3170 sitim
350 3115 488 3173 sedantes
504 3114 623 3171 flumine
638 3110 724 3182 aaran&

42 3179 186 3238 dissirnili
205 3188 305 3247 virent
322 3193 425 3265 specie
446 3195 638 3265 retinentque
653 3189 813 3261 parentum
933 3187 974 3224 Ψ)
