2040 3426
514 114 543 171 v
901 100 958 172 ila

104 219 291 290 nympharum,
308 218 407 287 quibus
424 236 441 273 e
459 218 565 273 scibant
582 219 676 272 umori’
696 219 798 274 fluenta

104 296 209 350 lubrica
225 295 347 363 proluvio
365 295 442 362 larga
459 295 550 348 lavere
567 295 661 348 umida
678 311 750 360 saxa,
924 310 961 350 050

103 372 197 426 umida
214 388 286 438 saxa,
306 387 388 439 super
405 371 486 423 viridi
505 370 637 424 stillantia
653 384 753 438 musco,

103 454 132 502 ot
149 448 250 517 partim
268 449 349 517 plano
368 451 473 500 scatere
491 450 574 515 atque
593 463 736 516 erumpere
754 457 861 516 campo

102 525 218 579 necdum
236 542 281 579 ros
298 525 355 592 igni
373 523 480 577 scibant
497 526 618 577 tractare
636 540 726 592 neque
743 525 785 577 uti

101 601 218 668 pellibus
236 606 266 656 et
283 601 374 669 spoliis
392 617 491 669 corpus
508 597 609 654 vestire
627 601 753 666 ferarum,

101 678 152 731 sed
162 695 274 732 nemora
286 684 368 747 atque
380 694 460 732 cavos
471 678 572 731 montis
583 677 717 743 silvasque
730 678 855 733 colebant
924 693 960 732 aas

101 756 131 808 ct
147 754 260 808 frutices
277 755 350 808 inter
368 753 523 808 condebant
541 753 664 821 squalida
681 752 804 805 rucmbra

100 829 216 883 verbera
233 834 377 885 ventorum
395 831 482 884 vitare
500 829 649 897 imbrisque
666 829 758 882 0000οἰ.

99 922 150 958 noc
167 922 308 960 commune
325 906 427 961 bonum
445 909 573 975 poteraut
591 908 715 974 spectare
732 922 822 974 neque
839 906 902 960 ullis

99 980 220 1043 moribus
237 981 310 1036 iuter
327 1001 357 1038 se
375 984 483 1038 scibant
500 1000 549 1037 nec
567 981 673 1050 legibus
690 979 739 1034 uti.

99 1057 174 1125 quod
192 1057 289 1125 cuique
307 1059 446 1114 obtulerat
463 1059 582 1128 praedae
599 1059 716 1126 fortuna,
734 1058 841 1113 ferebat
924 1075 959 1114 000

99 1138 196 1202 sponte
214 1152 262 1188 sua
280 1135 331 1188 sibi
349 1137 465 1205 quisque
482 1135 573 1188 valere
591 1138 620 1188 et
636 1134 728 1188 vivere
746 1134 849 1189 doctus.

98 1213 127 1264 00
144 1210 238 1264 Venus
255 1212 283 1264 iu
302 1212 374 1264 silvis
392 1211 523 1278 iungebat
540 1225 653 1278 corpora
668 1213 821 1277 amantum3

96 1287 257 1340 conciliabat
274 1288 345 1340 onim
364 1287 407 1340 vel
424 1289 520 1339 mutua
537 1301 673 1354 quamquo
690 1285 788 1354 cupido

97 1362 140 1414 vel
159 1363 277 1415 violenta
295 1363 346 1415 viri
363 1363 404 1416 vis
422 1365 506 1430 atque
524 1361 636 1429 inpensa
653 1360 737 1412 libido

96 1437 139 1490 vel
156 1438 282 1506 pretium,
300 1437 413 1506 glandes
431 1441 515 1505 atque
533 1436 624 1489 arbita
641 1437 683 1489 vel
701 1437 762 1504 pira
778 1437 857 1492 lecta
922 1445 959 1492 sot

97 1517 127 1567 ct
143 1530 271 1567 manuum
290 1515 360 1567 mira
376 1514 442 1567 freti
459 1515 563 1567 virtute
582 1512 738 1581 pedmnque

97 1589 322 1644 consectabantur
340 1590 474 1644 silvestria
492 1590 581 1644 saecla
598 1589 717 1643 ferarum

51 1682 84 1715 000
97 1664 243 1720 missilibus
254 1667 332 1737 „saxis
351 1670 380 1720 et
397 1683 495 1735 magno
513 1665 635 1735 pondero
652 1666 758 1733 elavac;

50 1766 84 1799 000
96 1741 237 1810 multaque
254 1742 405 1809 vincebant,
423 1743 547 1798 vitabant
564 1759 651 1812 pauca
668 1742 797 1811 latebris3

96 1817 295 1886 saetigerisque
312 1836 392 1888 pares
410 1819 486 1872 subu’
504 1820 545 1873 sio
563 1820 699 1873 silvestria
717 1821 841 1874 membra
921 1834 959 1875 070

94 1893 170 1947 nuda
187 1895 292 1949 dobant
310 1899 401 1949 terrae
420 1897 552 1951 nocturno
570 1898 694 1962 temporo
712 1896 791 1963 capti,

95 1969 196 2023 circum
215 1987 244 2024 so
261 1970 333 2024 foliis
351 1987 383 2022 ac
399 1969 542 2022 frondibus
559 1970 734 2023 involventes.

94 2062 146 2099 nec
163 2047 294 2115 plangore
313 2047 385 2100 diem
404 2061 503 2112 magno
521 2045 661 2113 solemque
679 2063 729 2114 per
746 2062 825 2114 agros

95 2122 264 2190 quaerebant
282 2121 372 2191 pavidi
389 2123 513 2190 palantes
531 2121 620 2175 noetis
637 2121 665 2174 in
682 2122 794 2190 umbris,

49 2224 82 2258 arr
94 2198 145 2253 scd
162 2199 240 2253 taciti
257 2199 449 2268 respectabant
467 2213 616 2265 somnoque
634 2198 739 2265 sepulti,
921 2212 957 2254 975

48 2292 82 2326 ara
94 2274 160 2328 dum
177 2292 257 2329 rosea
273 2276 332 2328 facc
350 2275 389 2328 sol
407 2276 521 2328 inferret
538 2273 640 2327 lumina
656 2274 737 2327 eaelo,

92 2367 110 2404 a
126 2351 217 2418 parvis
234 2351 309 2420 quod
326 2351 399 2404 enim
416 2352 579 2404 concitarant
597 2366 708 2404 cernere
726 2367 834 2419 sempor

92 2426 200 2480 alterno
217 2426 347 2480 tenebras
365 2429 394 2482 et
411 2427 500 2481 lucem
518 2430 644 2496 tompore
660 2427 742 2495 gigni,

91 2519 146 2556 non
164 2505 225 2556 erat
242 2506 274 2557 ut
291 2503 351 2557 fieri
369 2506 461 2572 posset
479 2503 605 2559 mirarier
623 2521 752 2573 umquam

92 2594 143 2631 noc
161 2577 285 2633 diffidere
303 2597 338 2633 ne
356 2585 445 2634 terras
464 2586 577 2636 aeterna
594 2585 704 2635 teneret
761 2584 762 2587 ’

92 2670 147 2706 nox
164 2653 193 2706 in
210 2657 374 2723 perpetuum
393 2656 518 2711 detracto
536 2657 638 2711 lumino
657 2657 726 2711 solis.

93 2729 143 2782 sod
160 2731 246 2798 magis
264 2730 332 2782 illud
350 2735 411 2784 erat
428 2748 515 2800 curae,
536 2733 609 2801 quod
627 2734 715 2786 saecla
732 2738 851 2786 foranum

91 2805 219 2859 infestam
236 2806 343 2859 miseris
361 2806 496 2861 faciebant
514 2825 595 2877 saepo
613 2809 741 2877 quietem.

92 2882 228 2950 eiectique
246 2882 327 2935 domo
344 2881 487 2952 fugiebant
504 2900 586 2938 saxea
604 2887 680 2938 tecta

92 2959 240 3028 spumigeri
259 2959 314 3015 suis
332 2960 451 3014 adventu
470 2960 586 3014 validive
603 2961 688 3015 leonis
919 2975 955 3015 005

92 3041 176 3105 atque
193 3037 360 3109 intempesta
376 3037 513 3093 cedebant
528 3042 612 3094 nocto
627 3042 770 3110 paventes

85 3112 240 3179 sospitibus
258 3117 350 3173 saevis
368 3117 492 3175 instrata
510 3117 617 3175 cubilia
631 3116 752 3172 troade.

68 3259 99 3300 10
112 3187 174 3242 Nee
192 3192 279 3248 mmm
297 3198 364 3257 tum
381 3198 452 3272 PIUS
470 3217 564 3274 quana
582 3213 665 3253 inune
681 3191 830 3245 00000οΧ00,
844 3171 952 3228 sacam
