<?xml version="1.0" encoding="UTF-8"?>
<!DOCTYPE html PUBLIC "-//W3C//DTD XHTML 1.0 Transitional//EN"
    "http://www.w3.org/TR/xhtml1/DTD/xhtml1-transitional.dtd">
<html xmlns="http://www.w3.org/1999/xhtml" xml:lang="en" lang="en">
 <head>
  <title>
</title>
<meta http-equiv="Content-Type" content="text/html;charset=utf-8" />
  <meta name='ocr-system' content='tesseract 3.04.00' />
  <meta name='ocr-capabilities' content='ocr_page ocr_carea ocr_par ocr_line ocrx_word'/>
</head>
<body>
  <div class='ocr_page' id='page_1' title='image "./dererumnaturali08carugoog/dererumnaturali08carugoog_0154.png"; bbox 0 0 2040 3426; ppageno 0'>
   <div class='ocr_carea' id='block_1_1' title="bbox 62 123 985 3252">
    <p class='ocr_par' dir='ltr' id='par_1_1' title="bbox 85 123 941 678">
     <span class='ocr_line' id='line_1_1' title="bbox 484 123 940 210; baseline 0.002 -28"><span class='ocrx_word' id='word_1_1' title='bbox 484 123 555 182; x_wconf 86' lang='lat' dir='ltr'>llil</span> <span class='ocrx_word' id='word_1_2' title='bbox 885 127 895 181; x_wconf 96' lang='grc'>1</span> <span class='ocrx_word' id='word_1_3' title='bbox 902 125 940 210; x_wconf 57' lang='grc'>117</span> 
     </span>
     <span class='ocr_line' id='line_1_2' title="bbox 85 218 753 298; baseline 0.004 -17"><span class='ocrx_word' id='word_1_4' title='bbox 85 230 201 298; x_wconf 84' lang='lat' dir='ltr'>propter</span> <span class='ocrx_word' id='word_1_5' title='bbox 219 218 348 282; x_wconf 86' lang='lat' dir='ltr'>subtilem</span> <span class='ocrx_word' id='word_1_6' title='bbox 366 229 493 282; x_wconf 90' lang='lat' dir='ltr'>naturam</span> <span class='ocrx_word' id='word_1_7' title='bbox 512 233 541 282; x_wconf 92' lang='lat' dir='ltr'>et</span> <span class='ocrx_word' id='word_1_8' title='bbox 559 229 650 282; x_wconf 83' lang='lat' dir='ltr'>tenvia</span> <span class='ocrx_word' id='word_1_9' title='bbox 668 232 753 285; x_wconf 84' lang='lat' dir='ltr'>texta.</span> 
     </span>
     <span class='ocr_line' id='line_1_3' title="bbox 85 302 815 370; baseline 0.003 -12"><span class='ocrx_word' id='word_1_10' title='bbox 85 307 181 358; x_wconf 87' lang='lat' dir='ltr'>cetera</span> <span class='ocrx_word' id='word_1_11' title='bbox 198 302 240 360; x_wconf 61' lang='lat' dir='ltr'>de.</span> <span class='ocrx_word' id='word_1_12' title='bbox 251 319 352 370; x_wconf 86' lang='lat' dir='ltr'>genere</span> <span class='ocrx_word' id='word_1_13' title='bbox 370 303 421 358; x_wconf 91' lang='lat' dir='ltr'>boc</span> <span class='ocrx_word' id='word_1_14' title='bbox 440 303 536 357; x_wconf 88' lang='lat' dir='ltr'>eadem</span> <span class='ocrx_word' id='word_1_15' title='bbox 555 305 662 359; x_wconf 85' lang='lat' dir='ltr'>ratione</span> <span class='ocrx_word' id='word_1_16' title='bbox 680 311 815 360; x_wconf 85' lang='lat' dir='ltr'>creantur.</span> 
     </span>
     <span class='ocr_line' id='line_1_4' title="bbox 85 378 941 449; baseline 0.006 -17"><span class='ocrx_word' id='word_1_17' title='bbox 85 395 237 448; x_wconf 88' lang='lat' dir='ltr'>quaecum</span> <span class='ocrx_word' id='word_1_18' title='bbox 255 378 394 433; x_wconf 79' lang='lat' dir='ltr'>mobiliter</span> <span class='ocrx_word' id='word_1_19' title='bbox 412 396 517 433; x_wconf 86' lang='lat' dir='ltr'>summa</span> <span class='ocrx_word' id='word_1_20' title='bbox 534 379 646 435; x_wconf 82' lang='lat' dir='ltr'>levitate</span> <span class='ocrx_word' id='word_1_21' title='bbox 662 383 795 449; x_wconf 84' lang='lat' dir='ltr'>feruntur,</span> <span class='ocrx_word' id='word_1_22' title='bbox 905 396 941 437; x_wconf 73' lang='grc'>111</span> 
     </span>
     <span class='ocr_line' id='line_1_5' title="bbox 85 454 761 524; baseline 0.004 -17"><span class='ocrx_word' id='word_1_23' title='bbox 85 459 118 508; x_wconf 94' lang='lat' dir='ltr'>ut</span> <span class='ocrx_word' id='word_1_24' title='bbox 136 456 212 524; x_wconf 86' lang='lat' dir='ltr'>prius</span> <span class='ocrx_word' id='word_1_25' title='bbox 230 454 345 520; x_wconf 86' lang='lat' dir='ltr'>ostendi,</span> <span class='ocrx_word' id='word_1_26' title='bbox 364 456 443 509; x_wconf 89' lang='lat' dir='ltr'>facile</span> <span class='ocrx_word' id='word_1_27' title='bbox 461 473 515 509; x_wconf 92' lang='lat' dir='ltr'>uno</span> <span class='ocrx_word' id='word_1_28' title='bbox 533 461 687 512; x_wconf 79' lang='lat' dir='ltr'>commovet</span> <span class='ocrx_word' id='word_1_29' title='bbox 705 457 761 512; x_wconf 90' lang='lat' dir='ltr'>ictu</span> 
     </span>
     <span class='ocr_line' id='line_1_6' title="bbox 86 530 781 601; baseline 0.003 -17"><span class='ocrx_word' id='word_1_30' title='bbox 86 530 227 600; x_wconf 80' lang='lat' dir='ltr'>quaelibet</span> <span class='ocrx_word' id='word_1_31' title='bbox 244 547 298 583; x_wconf 88' lang='lat' dir='ltr'>una</span> <span class='ocrx_word' id='word_1_32' title='bbox 316 532 434 584; x_wconf 87' lang='lat' dir='ltr'>aninumr</span> <span class='ocrx_word' id='word_1_33' title='bbox 454 533 531 585; x_wconf 89' lang='lat' dir='ltr'>uobis</span> <span class='ocrx_word' id='word_1_34' title='bbox 550 533 657 586; x_wconf 88' lang='lat' dir='ltr'>subtilis</span> <span class='ocrx_word' id='word_1_35' title='bbox 676 535 781 601; x_wconf 81' lang='lat' dir='ltr'>imago;</span> 
     </span>
     <span class='ocr_line' id='line_1_7' title="bbox 86 607 765 678; baseline 0.004 -19"><span class='ocrx_word' id='word_1_36' title='bbox 86 607 176 660; x_wconf 75' lang='lat' dir='ltr'>tenvis</span> <span class='ocrx_word' id='word_1_37' title='bbox 194 607 267 660; x_wconf 86' lang='lat' dir='ltr'>euim</span> <span class='ocrx_word' id='word_1_38' title='bbox 285 622 361 660; x_wconf 90' lang='lat' dir='ltr'>mens</span> <span class='ocrx_word' id='word_1_39' title='bbox 380 611 423 661; x_wconf 88' lang='lat' dir='ltr'>est</span> <span class='ocrx_word' id='word_1_40' title='bbox 441 611 470 660; x_wconf 90' lang='lat' dir='ltr'>et</span> <span class='ocrx_word' id='word_1_41' title='bbox 488 609 557 662; x_wconf 89' lang='lat' dir='ltr'>mire</span> <span class='ocrx_word' id='word_1_42' title='bbox 575 609 682 662; x_wconf 89' lang='lat' dir='ltr'>mobilis</span> <span class='ocrx_word' id='word_1_43' title='bbox 699 609 765 678; x_wconf 87' lang='lat' dir='ltr'>ipsa.</span> 
     </span>
    </p>

    <p class='ocr_par' dir='ltr' id='par_1_2' title="bbox 80 683 985 2802">
     <span class='ocr_line' id='line_1_8' title="bbox 122 683 906 754; baseline 0.004 -19"><span class='ocrx_word' id='word_1_44' title='bbox 122 683 199 736; x_wconf 91' lang='lat' dir='ltr'>Haec</span> <span class='ocrx_word' id='word_1_45' title='bbox 212 683 271 736; x_wconf 85' lang='lat' dir='ltr'>fieri</span> <span class='ocrx_word' id='word_1_46' title='bbox 283 686 315 736; x_wconf 92' lang='lat' dir='ltr'>ut</span> <span class='ocrx_word' id='word_1_47' title='bbox 327 699 456 751; x_wconf 84' lang='lat' dir='ltr'>memore,</span> <span class='ocrx_word' id='word_1_48' title='bbox 468 684 548 738; x_wconf 83' lang='lat' dir='ltr'>facilc</span> <span class='ocrx_word' id='word_1_49' title='bbox 560 685 623 738; x_wconf 90' lang='lat' dir='ltr'>hinc</span> <span class='ocrx_word' id='word_1_50' title='bbox 636 701 799 752; x_wconf 77' lang='lat' dir='ltr'>cognoscere</span> <span class='ocrx_word' id='word_1_51' title='bbox 810 685 906 754; x_wconf 85' lang='lat' dir='ltr'>possis.</span> 
     </span>
     <span class='ocr_line' id='line_1_9' title="bbox 86 758 985 829; baseline 0.002 -17"><span class='ocrx_word' id='word_1_52' title='bbox 86 762 222 828; x_wconf 84' lang='lat' dir='ltr'>quatenus</span> <span class='ocrx_word' id='word_1_53' title='bbox 239 758 290 813; x_wconf 90' lang='lat' dir='ltr'>hoc</span> <span class='ocrx_word' id='word_1_54' title='bbox 308 759 396 812; x_wconf 89' lang='lat' dir='ltr'>simile</span> <span class='ocrx_word' id='word_1_55' title='bbox 415 764 458 814; x_wconf 85' lang='lat' dir='ltr'>est</span> <span class='ocrx_word' id='word_1_56' title='bbox 476 761 523 826; x_wconf 90' lang='lat' dir='ltr'>illi,</span> <span class='ocrx_word' id='word_1_57' title='bbox 541 761 615 829; x_wconf 91' lang='lat' dir='ltr'>quod</span> <span class='ocrx_word' id='word_1_58' title='bbox 633 765 725 815; x_wconf 88' lang='lat' dir='ltr'>mento</span> <span class='ocrx_word' id='word_1_59' title='bbox 744 761 868 815; x_wconf 81' lang='lat' dir='ltr'>ridemus</span> <span class='ocrx_word' id='word_1_60' title='bbox 903 776 939 816; x_wconf 73' lang='lat'>750</span> <span class='ocrx_word' id='word_1_61' title='bbox 981 800 985 803; x_wconf 77' lang='lat'>·</span> 
     </span>
     <span class='ocr_line' id='line_1_10' title="bbox 86 835 780 904; baseline 0.003 -16"><span class='ocrx_word' id='word_1_62' title='bbox 86 841 170 904; x_wconf 86' lang='lat' dir='ltr'>atque</span> <span class='ocrx_word' id='word_1_63' title='bbox 188 836 280 903; x_wconf 87' lang='lat' dir='ltr'>oeulis,</span> <span class='ocrx_word' id='word_1_64' title='bbox 299 835 379 888; x_wconf 84' lang='lat' dir='ltr'>simili</span> <span class='ocrx_word' id='word_1_65' title='bbox 398 837 457 890; x_wconf 87' lang='lat' dir='ltr'>fieri</span> <span class='ocrx_word' id='word_1_66' title='bbox 475 837 582 890; x_wconf 85' lang='lat' dir='ltr'>ratione</span> <span class='ocrx_word' id='word_1_67' title='bbox 600 854 712 891; x_wconf 88' lang='lat' dir='ltr'>necesse</span> <span class='ocrx_word' id='word_1_68' title='bbox 730 841 780 892; x_wconf 88' lang='lat' dir='ltr'>cst.</span> 
     </span>
     <span class='ocr_line' id='line_1_11' title="bbox 86 911 779 980; baseline 0.004 -18"><span class='ocrx_word' id='word_1_69' title='bbox 86 928 158 965; x_wconf 90' lang='lat' dir='ltr'>nnnc</span> <span class='ocrx_word' id='word_1_70' title='bbox 175 911 259 978; x_wconf 83' lang='lat' dir='ltr'>igitur</span> <span class='ocrx_word' id='word_1_71' title='bbox 276 912 403 980; x_wconf 89' lang='lat' dir='ltr'>quoniam</span> <span class='ocrx_word' id='word_1_72' title='bbox 422 913 503 967; x_wconf 85' lang='lat' dir='ltr'>docui</span> <span class='ocrx_word' id='word_1_73' title='bbox 521 929 565 966; x_wconf 88' lang='lat' dir='ltr'>me</span> <span class='ocrx_word' id='word_1_74' title='bbox 584 914 656 967; x_wconf 83' lang='lat' dir='ltr'>forte</span> <span class='ocrx_word' id='word_1_75' title='bbox 674 913 779 967; x_wconf 88' lang='lat' dir='ltr'>leonem</span> 
     </span>
     <span class='ocr_line' id='line_1_12' title="bbox 85 985 945 1065; baseline 0.002 -25"><span class='ocrx_word' id='word_1_76' title='bbox 85 1003 198 1041; x_wconf 86' lang='lat' dir='ltr'>cernere</span> <span class='ocrx_word' id='word_1_77' title='bbox 216 1003 267 1056; x_wconf 88' lang='lat' dir='ltr'>per</span> <span class='ocrx_word' id='word_1_78' title='bbox 284 988 435 1056; x_wconf 86' lang='lat' dir='ltr'>simulacra,</span> <span class='ocrx_word' id='word_1_79' title='bbox 453 985 545 1042; x_wconf 87' lang='lat' dir='ltr'>oculos</span> <span class='ocrx_word' id='word_1_80' title='bbox 564 1005 752 1065; x_wconf 84' lang='lat' dir='ltr'>quaecumque</span> <span class='ocrx_word' id='word_1_81' title='bbox 769 989 914 1053; x_wconf 84' lang='lat' dir='ltr'>lacessunt,</span> <span class='ocrx_word' id='word_1_82' title='bbox 944 1059 945 1062; x_wconf 8' lang='grc' dir='ltr'><strong>Ἴ</strong></span> 
     </span>
     <span class='ocr_line' id='line_1_13' title="bbox 84 1062 727 1132; baseline 0.005 -17"><span class='ocrx_word' id='word_1_83' title='bbox 84 1063 155 1117; x_wconf 85' lang='lat' dir='ltr'>scire</span> <span class='ocrx_word' id='word_1_84' title='bbox 173 1062 237 1116; x_wconf 86' lang='lat' dir='ltr'>licet</span> <span class='ocrx_word' id='word_1_85' title='bbox 254 1067 374 1116; x_wconf 83' lang='lat' dir='ltr'>mentem</span> <span class='ocrx_word' id='word_1_86' title='bbox 393 1065 472 1117; x_wconf 80' lang='lat' dir='ltr'>simili</span> <span class='ocrx_word' id='word_1_87' title='bbox 491 1065 598 1119; x_wconf 88' lang='lat' dir='ltr'>ratione</span> <span class='ocrx_word' id='word_1_88' title='bbox 616 1066 727 1132; x_wconf 83' lang='lat' dir='ltr'>moveri,</span> 
     </span>
     <span class='ocr_line' id='line_1_14' title="bbox 84 1139 937 1210; baseline 0.001 -17"><span class='ocrx_word' id='word_1_89' title='bbox 84 1155 135 1208; x_wconf 89' lang='lat' dir='ltr'>per</span> <span class='ocrx_word' id='word_1_90' title='bbox 153 1139 297 1192; x_wconf 86' lang='lat' dir='ltr'>simulacra</span> <span class='ocrx_word' id='word_1_91' title='bbox 314 1139 419 1193; x_wconf 84' lang='lat' dir='ltr'>leonem</span> <span class='ocrx_word' id='word_1_92' title='bbox 439 1146 468 1193; x_wconf 93' lang='lat' dir='ltr'>et</span> <span class='ocrx_word' id='word_1_93' title='bbox 486 1145 579 1194; x_wconf 88' lang='lat' dir='ltr'>cetera</span> <span class='ocrx_word' id='word_1_94' title='bbox 596 1158 666 1208; x_wconf 86' lang='lat' dir='ltr'>quae</span> <span class='ocrx_word' id='word_1_95' title='bbox 684 1142 761 1196; x_wconf 79' lang='lat' dir='ltr'>ridet</span> <span class='ocrx_word' id='word_1_96' title='bbox 779 1158 866 1210; x_wconf 87' lang='lat' dir='ltr'>acque</span> <span class='ocrx_word' id='word_1_97' title='bbox 901 1157 937 1194; x_wconf 72' lang='grc'><strong>’.11</strong></span> 
     </span>
     <span class='ocr_line' id='line_1_15' title="bbox 84 1215 917 1284; baseline 0.001 -17"><span class='ocrx_word' id='word_1_98' title='bbox 84 1231 135 1269; x_wconf 89' lang='lat' dir='ltr'>nec</span> <span class='ocrx_word' id='word_1_99' title='bbox 152 1215 242 1268; x_wconf 91' lang='lat' dir='ltr'>minus</span> <span class='ocrx_word' id='word_1_100' title='bbox 259 1218 343 1281; x_wconf 84' lang='lat' dir='ltr'>atque</span> <span class='ocrx_word' id='word_1_101' title='bbox 361 1216 438 1283; x_wconf 90' lang='lat' dir='ltr'>oculi,</span> <span class='ocrx_word' id='word_1_102' title='bbox 456 1217 506 1269; x_wconf 92' lang='lat' dir='ltr'>nisi</span> <span class='ocrx_word' id='word_1_103' title='bbox 525 1216 599 1284; x_wconf 91' lang='lat' dir='ltr'>quod</span> <span class='ocrx_word' id='word_1_104' title='bbox 617 1234 695 1284; x_wconf 83' lang='lat' dir='ltr'>mage</span> <span class='ocrx_word' id='word_1_105' title='bbox 714 1218 805 1270; x_wconf 87' lang='lat' dir='ltr'>tenvia</span> <span class='ocrx_word' id='word_1_106' title='bbox 823 1219 917 1270; x_wconf 84' lang='lat' dir='ltr'>ceruit.</span> 
     </span>
     <span class='ocr_line' id='line_1_16' title="bbox 84 1290 832 1360; baseline 0.004 -18"><span class='ocrx_word' id='word_1_107' title='bbox 84 1307 134 1344; x_wconf 91' lang='lat' dir='ltr'>nec</span> <span class='ocrx_word' id='word_1_108' title='bbox 152 1290 258 1344; x_wconf 85' lang='lat' dir='ltr'>ratione</span> <span class='ocrx_word' id='word_1_109' title='bbox 276 1291 335 1356; x_wconf 86' lang='lat' dir='ltr'>alia,</span> <span class='ocrx_word' id='word_1_110' title='bbox 354 1308 414 1344; x_wconf 89' lang='lat' dir='ltr'>cum</span> <span class='ocrx_word' id='word_1_111' title='bbox 434 1296 543 1356; x_wconf 88' lang='lat' dir='ltr'>somnus</span> <span class='ocrx_word' id='word_1_112' title='bbox 561 1291 684 1345; x_wconf 88' lang='lat' dir='ltr'>membra</span> <span class='ocrx_word' id='word_1_113' title='bbox 701 1292 832 1360; x_wconf 89' lang='lat' dir='ltr'>profudit,</span> 
     </span>
     <span class='ocr_line' id='line_1_17' title="bbox 84 1366 859 1436; baseline 0 -16"><span class='ocrx_word' id='word_1_114' title='bbox 84 1383 161 1420; x_wconf 91' lang='lat' dir='ltr'>mens</span> <span class='ocrx_word' id='word_1_115' title='bbox 178 1366 261 1419; x_wconf 89' lang='lat' dir='ltr'>animi</span> <span class='ocrx_word' id='word_1_116' title='bbox 278 1367 380 1434; x_wconf 77' lang='lat' dir='ltr'>vigilat,</span> <span class='ocrx_word' id='word_1_117' title='bbox 400 1368 451 1420; x_wconf 86' lang='lat' dir='ltr'>uisi</span> <span class='ocrx_word' id='word_1_118' title='bbox 469 1367 543 1436; x_wconf 86' lang='lat' dir='ltr'>quod</span> <span class='ocrx_word' id='word_1_119' title='bbox 562 1367 704 1421; x_wconf 84' lang='lat' dir='ltr'>simulacro</span> <span class='ocrx_word' id='word_1_120' title='bbox 722 1369 859 1420; x_wconf 89' lang='lat' dir='ltr'>lacessunt</span> 
     </span>
     <span class='ocr_line' id='line_1_18' title="bbox 84 1441 852 1511; baseline 0 -17"><span class='ocrx_word' id='word_1_121' title='bbox 84 1441 152 1496; x_wconf 83' lang='lat' dir='ltr'>haec</span> <span class='ocrx_word' id='word_1_122' title='bbox 171 1441 265 1496; x_wconf 86' lang='lat' dir='ltr'>eadem</span> <span class='ocrx_word' id='word_1_123' title='bbox 285 1445 393 1496; x_wconf 87' lang='lat' dir='ltr'>nostros</span> <span class='ocrx_word' id='word_1_124' title='bbox 411 1444 515 1497; x_wconf 85' lang='lat' dir='ltr'>animos</span> <span class='ocrx_word' id='word_1_125' title='bbox 534 1459 683 1511; x_wconf 91' lang='lat' dir='ltr'>quaecum</span> <span class='ocrx_word' id='word_1_126' title='bbox 703 1443 852 1510; x_wconf 66' lang='lat' dir='ltr'>vigilamus</span> 
     </span>
     <span class='ocr_line' id='line_1_19' title="bbox 84 1517 937 1588; baseline 0.001 -18"><span class='ocrx_word' id='word_1_127' title='bbox 84 1534 170 1586; x_wconf 89' lang='lat' dir='ltr'>usque</span> <span class='ocrx_word' id='word_1_128' title='bbox 182 1517 259 1586; x_wconf 87' lang='lat' dir='ltr'>adeo,</span> <span class='ocrx_word' id='word_1_129' title='bbox 271 1523 346 1572; x_wconf 87' lang='lat' dir='ltr'>certe</span> <span class='ocrx_word' id='word_1_130' title='bbox 360 1523 392 1572; x_wconf 93' lang='lat' dir='ltr'>ut</span> <span class='ocrx_word' id='word_1_131' title='bbox 404 1520 547 1573; x_wconf 82' lang='lat' dir='ltr'>videamur</span> <span class='ocrx_word' id='word_1_132' title='bbox 559 1536 670 1574; x_wconf 87' lang='lat' dir='ltr'>cernere</span> <span class='ocrx_word' id='word_1_133' title='bbox 683 1536 745 1572; x_wconf 88' lang='lat' dir='ltr'>eum</span> <span class='ocrx_word' id='word_1_134' title='bbox 758 1533 840 1588; x_wconf 89' lang='lat' dir='ltr'>quem</span> <span class='ocrx_word' id='word_1_135' title='bbox 900 1532 937 1573; x_wconf 77' lang='lat' dir='ltr'>reo</span> 
     </span>
     <span class='ocr_line' id='line_1_20' title="bbox 83 1593 707 1664; baseline 0.005 -17"><span class='ocrx_word' id='word_1_136' title='bbox 83 1593 263 1657; x_wconf 77' lang='lat' dir='ltr'>rellictavita</span> <span class='ocrx_word' id='word_1_137' title='bbox 281 1595 334 1647; x_wconf 86' lang='lat' dir='ltr'>ium</span> <span class='ocrx_word' id='word_1_138' title='bbox 353 1613 426 1649; x_wconf 85' lang='lat' dir='ltr'>mors</span> <span class='ocrx_word' id='word_1_139' title='bbox 444 1600 474 1650; x_wconf 92' lang='lat' dir='ltr'>et</span> <span class='ocrx_word' id='word_1_140' title='bbox 492 1599 568 1650; x_wconf 88' lang='lat' dir='ltr'>terra</span> <span class='ocrx_word' id='word_1_141' title='bbox 585 1595 707 1664; x_wconf 84' lang='lat' dir='ltr'>potitust.</span> 
     </span>
     <span class='ocr_line' id='line_1_21' title="bbox 84 1669 712 1741; baseline 0.005 -19"><span class='ocrx_word' id='word_1_142' title='bbox 84 1670 134 1724; x_wconf 90' lang='lat' dir='ltr'>hoe</span> <span class='ocrx_word' id='word_1_143' title='bbox 151 1669 214 1724; x_wconf 88' lang='lat' dir='ltr'>ideo</span> <span class='ocrx_word' id='word_1_144' title='bbox 233 1669 292 1723; x_wconf 80' lang='lat' dir='ltr'>fieri</span> <span class='ocrx_word' id='word_1_145' title='bbox 311 1672 383 1738; x_wconf 81' lang='lat' dir='ltr'>cogit</span> <span class='ocrx_word' id='word_1_146' title='bbox 401 1677 508 1741; x_wconf 84' lang='lat' dir='ltr'>natura,</span> <span class='ocrx_word' id='word_1_147' title='bbox 527 1671 602 1741; x_wconf 91' lang='lat' dir='ltr'>qnod</span> <span class='ocrx_word' id='word_1_148' title='bbox 620 1689 712 1725; x_wconf 89' lang='lat' dir='ltr'>omues</span> 
     </span>
     <span class='ocr_line' id='line_1_22' title="bbox 83 1746 794 1817; baseline 0.001 -17"><span class='ocrx_word' id='word_1_149' title='bbox 83 1746 204 1815; x_wconf 83' lang='lat' dir='ltr'>corporis</span> <span class='ocrx_word' id='word_1_150' title='bbox 222 1746 311 1800; x_wconf 84' lang='lat' dir='ltr'>offecti</span> <span class='ocrx_word' id='word_1_151' title='bbox 330 1765 425 1802; x_wconf 88' lang='lat' dir='ltr'>sensus</span> <span class='ocrx_word' id='word_1_152' title='bbox 442 1765 492 1817; x_wconf 89' lang='lat' dir='ltr'>per</span> <span class='ocrx_word' id='word_1_153' title='bbox 510 1747 632 1803; x_wconf 85' lang='lat' dir='ltr'>membra</span> <span class='ocrx_word' id='word_1_154' title='bbox 650 1748 794 1816; x_wconf 81' lang='lat' dir='ltr'>quiescmrt</span> 
     </span>
     <span class='ocr_line' id='line_1_23' title="bbox 83 1823 870 1890; baseline 0 -15"><span class='ocrx_word' id='word_1_155' title='bbox 83 1839 133 1876; x_wconf 89' lang='lat' dir='ltr'>nec</span> <span class='ocrx_word' id='word_1_156' title='bbox 152 1826 265 1890; x_wconf 88' lang='lat' dir='ltr'>possunt</span> <span class='ocrx_word' id='word_1_157' title='bbox 283 1823 379 1877; x_wconf 85' lang='lat' dir='ltr'>falsum</span> <span class='ocrx_word' id='word_1_158' title='bbox 398 1825 469 1877; x_wconf 79' lang='lat' dir='ltr'>veris</span> <span class='ocrx_word' id='word_1_159' title='bbox 487 1824 645 1878; x_wconf 84' lang='lat' dir='ltr'>convincere</span> <span class='ocrx_word' id='word_1_160' title='bbox 664 1823 752 1876; x_wconf 86' lang='lat' dir='ltr'>rebus.</span> <span class='ocrx_word' id='word_1_161' title='bbox 866 1881 870 1888; x_wconf 86' lang='lat'><em>.</em></span> 
     </span>
     <span class='ocr_line' id='line_1_24' title="bbox 82 1898 935 1966; baseline -0.004 -14"><span class='ocrx_word' id='word_1_162' title='bbox 82 1903 226 1966; x_wconf 85' lang='lat' dir='ltr'>praeterea</span> <span class='ocrx_word' id='word_1_163' title='bbox 243 1900 397 1953; x_wconf 81' lang='lat' dir='ltr'>meminisse</span> <span class='ocrx_word' id='word_1_164' title='bbox 414 1900 485 1954; x_wconf 84' lang='lat' dir='ltr'>iacet</span> <span class='ocrx_word' id='word_1_165' title='bbox 502 1898 668 1966; x_wconf 76' lang='lat' dir='ltr'>languetque</span> <span class='ocrx_word' id='word_1_166' title='bbox 688 1915 784 1966; x_wconf 83' lang='lat' dir='ltr'>soporo</span> <span class='ocrx_word' id='word_1_167' title='bbox 874 1940 876 1944; x_wconf 92' lang='lat'>.</span> <span class='ocrx_word' id='word_1_168' title='bbox 900 1912 935 1952; x_wconf 75' lang='grc'><strong>1111</strong></span> 
     </span>
     <span class='ocr_line' id='line_1_25' title="bbox 82 1974 731 2042; baseline -0.003 -16"><span class='ocrx_word' id='word_1_169' title='bbox 82 1991 132 2033; x_wconf 85' lang='lat' dir='ltr'>nec</span> <span class='ocrx_word' id='word_1_170' title='bbox 151 1974 280 2028; x_wconf 85' lang='lat' dir='ltr'>dissentit</span> <span class='ocrx_word' id='word_1_171' title='bbox 299 1992 360 2028; x_wconf 92' lang='lat' dir='ltr'>eum</span> <span class='ocrx_word' id='word_1_172' title='bbox 378 1975 475 2027; x_wconf 90' lang='lat' dir='ltr'>mortis</span> <span class='ocrx_word' id='word_1_173' title='bbox 492 1974 595 2042; x_wconf 89' lang='lat' dir='ltr'>letique</span> <span class='ocrx_word' id='word_1_174' title='bbox 613 1975 731 2042; x_wconf 88' lang='lat' dir='ltr'>potitum</span> 
     </span>
     <span class='ocr_line' id='line_1_26' title="bbox 81 2047 867 2119; baseline 0 -18"><span class='ocrx_word' id='word_1_175' title='bbox 81 2049 136 2103; x_wconf 86' lang='lat' dir='ltr'>iam</span> <span class='ocrx_word' id='word_1_176' title='bbox 154 2050 270 2119; x_wconf 87' lang='lat' dir='ltr'>pridem,</span> <span class='ocrx_word' id='word_1_177' title='bbox 290 2067 370 2118; x_wconf 87' lang='lat' dir='ltr'>quem</span> <span class='ocrx_word' id='word_1_178' title='bbox 390 2066 466 2102; x_wconf 86' lang='lat' dir='ltr'>mens</span> <span class='ocrx_word' id='word_1_179' title='bbox 483 2050 573 2102; x_wconf 84' lang='lat' dir='ltr'>rivom</span> <span class='ocrx_word' id='word_1_180' title='bbox 592 2066 621 2102; x_wconf 93' lang='lat' dir='ltr'>se</span> <span class='ocrx_word' id='word_1_181' title='bbox 639 2064 752 2102; x_wconf 87' lang='lat' dir='ltr'>cernere</span> <span class='ocrx_word' id='word_1_182' title='bbox 769 2047 867 2101; x_wconf 88' lang='lat' dir='ltr'>credit.</span> 
     </span>
     <span class='ocr_line' id='line_1_27' title="bbox 81 2123 839 2195; baseline -0.005 -16"><span class='ocrx_word' id='word_1_183' title='bbox 81 2125 155 2194; x_wconf 90' lang='lat' dir='ltr'>quod</span> <span class='ocrx_word' id='word_1_184' title='bbox 173 2130 306 2195; x_wconf 82' lang='lat' dir='ltr'>superest,</span> <span class='ocrx_word' id='word_1_185' title='bbox 324 2128 377 2177; x_wconf 83' lang='lat' dir='ltr'>noir</span> <span class='ocrx_word' id='word_1_186' title='bbox 397 2130 439 2178; x_wconf 91' lang='lat' dir='ltr'>cst</span> <span class='ocrx_word' id='word_1_187' title='bbox 457 2125 557 2177; x_wconf 86' lang='lat' dir='ltr'>mirum</span> <span class='ocrx_word' id='word_1_188' title='bbox 575 2124 718 2177; x_wconf 84' lang='lat' dir='ltr'>simulacra</span> <span class='ocrx_word' id='word_1_189' title='bbox 735 2123 839 2176; x_wconf 84' lang='lat' dir='ltr'>moveri</span> 
     </span>
     <span class='ocr_line' id='line_1_28' title="bbox 80 2199 896 2270; baseline -0.005 -15"><span class='ocrx_word' id='word_1_190' title='bbox 80 2202 264 2270; x_wconf 81' lang='lat' dir='ltr'>bracchiaque</span> <span class='ocrx_word' id='word_1_191' title='bbox 281 2201 309 2255; x_wconf 92' lang='lat' dir='ltr'>in</span> <span class='ocrx_word' id='word_1_192' title='bbox 328 2217 470 2253; x_wconf 87' lang='lat' dir='ltr'>numerum</span> <span class='ocrx_word' id='word_1_193' title='bbox 489 2201 592 2254; x_wconf 87' lang='lat' dir='ltr'>iactare</span> <span class='ocrx_word' id='word_1_194' title='bbox 610 2203 639 2252; x_wconf 88' lang='lat' dir='ltr'>et</span> <span class='ocrx_word' id='word_1_195' title='bbox 657 2203 750 2253; x_wconf 85' lang='lat' dir='ltr'>cetera</span> <span class='ocrx_word' id='word_1_196' title='bbox 768 2199 896 2251; x_wconf 85' lang='lat' dir='ltr'>membra.</span> 
     </span>
     <span class='ocr_line' id='line_1_29' title="bbox 80 2274 934 2340; baseline -0.008 -10"><span class='ocrx_word' id='word_1_197' title='bbox 80 2294 145 2330; x_wconf 87' lang='lat' dir='ltr'>nam</span> <span class='ocrx_word' id='word_1_198' title='bbox 164 2277 196 2330; x_wconf 83' lang='lat' dir='ltr'>tit</span> <span class='ocrx_word' id='word_1_199' title='bbox 214 2277 291 2330; x_wconf 90' lang='lat' dir='ltr'>utin</span> <span class='ocrx_word' id='word_1_200' title='bbox 309 2277 409 2329; x_wconf 86' lang='lat' dir='ltr'>somnis</span> <span class='ocrx_word' id='word_1_201' title='bbox 427 2275 517 2329; x_wconf 85' lang='lat' dir='ltr'>lacere</span> <span class='ocrx_word' id='word_1_202' title='bbox 535 2275 586 2329; x_wconf 89' lang='lat' dir='ltr'>boc</span> <span class='ocrx_word' id='word_1_203' title='bbox 605 2275 731 2328; x_wconf 88' lang='lat' dir='ltr'>videatur</span> <span class='ocrx_word' id='word_1_204' title='bbox 749 2274 853 2340; x_wconf 77' lang='lat' dir='ltr'>imag0;</span> <span class='ocrx_word' id='word_1_205' title='bbox 899 2289 934 2327; x_wconf 69' lang='lat' dir='ltr'>:zo</span> 
     </span>
     <span class='ocr_line' id='line_1_30' title="bbox 80 2352 817 2422; baseline -0.004 -17"><span class='ocrx_word' id='word_1_206' title='bbox 80 2354 183 2422; x_wconf 88' lang='lat' dir='ltr'>quippe</span> <span class='ocrx_word' id='word_1_207' title='bbox 200 2353 247 2406; x_wconf 93' lang='lat' dir='ltr'>ubi</span> <span class='ocrx_word' id='word_1_208' title='bbox 265 2352 354 2421; x_wconf 89' lang='lat' dir='ltr'>prima</span> <span class='ocrx_word' id='word_1_209' title='bbox 371 2353 444 2422; x_wconf 87' lang='lat' dir='ltr'>perit</span> <span class='ocrx_word' id='word_1_210' title='bbox 461 2352 568 2420; x_wconf 86' lang='lat' dir='ltr'>alioque</span> <span class='ocrx_word' id='word_1_211' title='bbox 586 2357 628 2404; x_wconf 88' lang='lat' dir='ltr'>cst</span> <span class='ocrx_word' id='word_1_212' title='bbox 646 2352 733 2403; x_wconf 86' lang='lat' dir='ltr'>altera</span> <span class='ocrx_word' id='word_1_213' title='bbox 752 2352 817 2402; x_wconf 88' lang='lat' dir='ltr'>nata</span> 
     </span>
     <span class='ocr_line' id='line_1_31' title="bbox 80 2427 796 2498; baseline -0.006 -16"><span class='ocrx_word' id='word_1_214' title='bbox 80 2429 145 2482; x_wconf 88' lang='lat' dir='ltr'>iude</span> <span class='ocrx_word' id='word_1_215' title='bbox 163 2433 245 2496; x_wconf 88' lang='lat' dir='ltr'>statu,</span> <span class='ocrx_word' id='word_1_216' title='bbox 262 2429 338 2498; x_wconf 86' lang='lat' dir='ltr'>prior</span> <span class='ocrx_word' id='word_1_217' title='bbox 354 2429 398 2483; x_wconf 86' lang='lat' dir='ltr'>lrie</span> <span class='ocrx_word' id='word_1_218' title='bbox 415 2432 524 2498; x_wconf 76' lang='lat' dir='ltr'>gestum</span> <span class='ocrx_word' id='word_1_219' title='bbox 542 2432 662 2481; x_wconf 83' lang='lat' dir='ltr'>mutasse</span> <span class='ocrx_word' id='word_1_220' title='bbox 680 2427 796 2480; x_wconf 82' lang='lat' dir='ltr'>videtur.</span> 
     </span>
     <span class='ocr_line' id='line_1_32' title="bbox 81 2504 742 2573; baseline -0.002 -15"><span class='ocrx_word' id='word_1_221' title='bbox 81 2505 185 2559; x_wconf 86' lang='lat' dir='ltr'>scilicet</span> <span class='ocrx_word' id='word_1_222' title='bbox 202 2505 233 2559; x_wconf 86' lang='lat' dir='ltr'>id</span> <span class='ocrx_word' id='word_1_223' title='bbox 250 2505 309 2559; x_wconf 88' lang='lat' dir='ltr'>fieri</span> <span class='ocrx_word' id='word_1_224' title='bbox 327 2506 408 2560; x_wconf 83' lang='lat' dir='ltr'>celeri</span> <span class='ocrx_word' id='word_1_225' title='bbox 426 2506 532 2559; x_wconf 87' lang='lat' dir='ltr'>ratione</span> <span class='ocrx_word' id='word_1_226' title='bbox 550 2504 742 2573; x_wconf 76' lang='lat' dir='ltr'>putandumst:</span> 
     </span>
     <span class='ocr_line' id='line_1_33' title="bbox 81 2582 724 2650; baseline -0.002 -17"><span class='ocrx_word' id='word_1_227' title='bbox 81 2585 160 2635; x_wconf 85' lang='lat' dir='ltr'>tauta</span> <span class='ocrx_word' id='word_1_228' title='bbox 178 2586 221 2636; x_wconf 88' lang='lat' dir='ltr'>est</span> <span class='ocrx_word' id='word_1_229' title='bbox 238 2582 375 2636; x_wconf 88' lang='lat' dir='ltr'>mobilitas</span> <span class='ocrx_word' id='word_1_230' title='bbox 393 2585 423 2636; x_wconf 95' lang='lat' dir='ltr'>et</span> <span class='ocrx_word' id='word_1_231' title='bbox 440 2598 532 2636; x_wconf 87' lang='lat' dir='ltr'>rerum</span> <span class='ocrx_word' id='word_1_232' title='bbox 551 2582 628 2650; x_wconf 86' lang='lat' dir='ltr'>copia</span> <span class='ocrx_word' id='word_1_233' title='bbox 645 2583 724 2633; x_wconf 86' lang='lat' dir='ltr'>tanta</span> 
     </span>
     <span class='ocr_line' id='line_1_34' title="bbox 81 2655 933 2727; baseline -0.007 -16"><span class='ocrx_word' id='word_1_234' title='bbox 81 2662 213 2727; x_wconf 86' lang='lat' dir='ltr'>tantaque</span> <span class='ocrx_word' id='word_1_235' title='bbox 233 2657 354 2711; x_wconf 88' lang='lat' dir='ltr'>sensibili</span> <span class='ocrx_word' id='word_1_236' title='bbox 372 2659 467 2726; x_wconf 80' lang='lat' dir='ltr'>quouis</span> <span class='ocrx_word' id='word_1_237' title='bbox 486 2661 529 2712; x_wconf 90' lang='lat' dir='ltr'>est</span> <span class='ocrx_word' id='word_1_238' title='bbox 548 2663 672 2726; x_wconf 87' lang='lat' dir='ltr'>temporo</span> <span class='ocrx_word' id='word_1_239' title='bbox 693 2655 721 2707; x_wconf 92' lang='lat' dir='ltr'>in</span> <span class='ocrx_word' id='word_1_240' title='bbox 739 2670 793 2707; x_wconf 92' lang='lat' dir='ltr'>uno</span> <span class='ocrx_word' id='word_1_241' title='bbox 897 2667 933 2707; x_wconf 73' lang='lat' dir='ltr'>ru»</span> 
     </span>
     <span class='ocr_line' id='line_1_35' title="bbox 80 2730 738 2802; baseline -0.003 -17"><span class='ocrx_word' id='word_1_242' title='bbox 80 2733 158 2802; x_wconf 85' lang='lat' dir='ltr'>copia</span> <span class='ocrx_word' id='word_1_243' title='bbox 175 2732 380 2802; x_wconf 86' lang='lat' dir='ltr'>particularum,</span> <span class='ocrx_word' id='word_1_244' title='bbox 398 2736 429 2785; x_wconf 91' lang='lat' dir='ltr'>ut</span> <span class='ocrx_word' id='word_1_245' title='bbox 447 2732 533 2802; x_wconf 88' lang='lat' dir='ltr'>possit</span> <span class='ocrx_word' id='word_1_246' title='bbox 552 2730 738 2801; x_wconf 86' lang='lat' dir='ltr'>suppeditare.</span> 
     </span>
    </p>

    <p class='ocr_par' dir='ltr' id='par_1_3' title="bbox 70 2803 958 3175">
     <span class='ocr_line' id='line_1_36' title="bbox 115 2803 916 2878; baseline -0.006 -18"><span class='ocrx_word' id='word_1_247' title='bbox 115 2808 269 2878; x_wconf 89' lang='lat' dir='ltr'>[Multaque</span> <span class='ocrx_word' id='word_1_248' title='bbox 286 2808 314 2861; x_wconf 92' lang='lat' dir='ltr'>in</span> <span class='ocrx_word' id='word_1_249' title='bbox 332 2807 375 2860; x_wconf 90' lang='lat' dir='ltr'>his</span> <span class='ocrx_word' id='word_1_250' title='bbox 392 2807 475 2861; x_wconf 86' lang='lat' dir='ltr'>rebus</span> <span class='ocrx_word' id='word_1_251' title='bbox 493 2812 663 2876; x_wconf 85' lang='lat' dir='ltr'>quaeruntur</span> <span class='ocrx_word' id='word_1_252' title='bbox 680 2803 822 2875; x_wconf 79' lang='lat' dir='ltr'>multaque</span> <span class='ocrx_word' id='word_1_253' title='bbox 838 2803 916 2856; x_wconf 77' lang='lat' dir='ltr'>nobis</span> 
     </span>
     <span class='ocr_line' id='line_1_37' title="bbox 80 2882 764 2953; baseline -0.009 -15"><span class='ocrx_word' id='word_1_254' title='bbox 80 2885 273 2953; x_wconf 86' lang='lat' dir='ltr'>clarandumst,</span> <span class='ocrx_word' id='word_1_255' title='bbox 290 2883 370 2952; x_wconf 89' lang='lat' dir='ltr'>plane</span> <span class='ocrx_word' id='word_1_256' title='bbox 389 2882 412 2935; x_wconf 88' lang='lat' dir='ltr'>si</span> <span class='ocrx_word' id='word_1_257' title='bbox 429 2898 473 2936; x_wconf 89' lang='lat' dir='ltr'>res</span> <span class='ocrx_word' id='word_1_258' title='bbox 491 2898 628 2950; x_wconf 86' lang='lat' dir='ltr'>exponere</span> <span class='ocrx_word' id='word_1_259' title='bbox 645 2895 764 2934; x_wconf 86' lang='lat' dir='ltr'>avemus.</span> 
     </span>
     <span class='ocr_line' id='line_1_38' title="bbox 79 2954 798 3030; baseline -0.004 -18"><span class='ocrx_word' id='word_1_260' title='bbox 79 2962 220 3028; x_wconf 86' lang='lat' dir='ltr'>quaeritur</span> <span class='ocrx_word' id='word_1_261' title='bbox 237 2961 264 3014; x_wconf 91' lang='lat' dir='ltr'>in</span> <span class='ocrx_word' id='word_1_262' title='bbox 283 2959 377 3030; x_wconf 91' lang='lat' dir='ltr'>primis</span> <span class='ocrx_word' id='word_1_263' title='bbox 395 2975 490 3028; x_wconf 89' lang='lat' dir='ltr'>quare,</span> <span class='ocrx_word' id='word_1_264' title='bbox 507 2956 582 3025; x_wconf 90' lang='lat' dir='ltr'>quod</span> <span class='ocrx_word' id='word_1_265' title='bbox 599 2957 696 3024; x_wconf 89' lang='lat' dir='ltr'>cuique</span> <span class='ocrx_word' id='word_1_266' title='bbox 713 2954 798 3009; x_wconf 87' lang='lat' dir='ltr'>libido</span> 
     </span>
     <span class='ocr_line' id='line_1_39' title="bbox 79 3031 958 3108; baseline -0.01 -20"><span class='ocrx_word' id='word_1_267' title='bbox 79 3037 190 3103; x_wconf 83' lang='lat' dir='ltr'>uenerit,</span> <span class='ocrx_word' id='word_1_268' title='bbox 211 3037 349 3108; x_wconf 77' lang='lat' dir='ltr'>extemplo</span> <span class='ocrx_word' id='word_1_269' title='bbox 367 3052 447 3092; x_wconf 88' lang='lat' dir='ltr'>mens</span> <span class='ocrx_word' id='word_1_270' title='bbox 466 3034 574 3105; x_wconf 67' lang='lat' dir='ltr'>cogitet</span> <span class='ocrx_word' id='word_1_271' title='bbox 591 3033 654 3088; x_wconf 75' lang='lat' dir='ltr'>eius</span> <span class='ocrx_word' id='word_1_272' title='bbox 666 3031 827 3095; x_wconf 56' lang='lat' dir='ltr'>‘idipsam</span> <span class='ocrx_word' id='word_1_273' title='bbox 876 3096 879 3100; x_wconf 14' lang='grc' dir='ltr'><em>ι</em></span> <span class='ocrx_word' id='word_1_274' title='bbox 910 3035 958 3070; x_wconf 68' lang='lat' dir='ltr'>uss</span> 
     </span>
     <span class='ocr_line' id='line_1_40' title="bbox 70 3105 955 3175; baseline -0.01 -13"><span class='ocrx_word' id='word_1_275' title='bbox 70 3127 143 3164; x_wconf 82' lang='lat' dir='ltr'>aune</span> <span class='ocrx_word' id='word_1_276' title='bbox 162 3113 336 3171; x_wconf 79' lang='lat' dir='ltr'>voluntatem</span> <span class='ocrx_word' id='word_1_277' title='bbox 353 3120 488 3173; x_wconf 85' lang='lat' dir='ltr'>nostram</span> <span class='ocrx_word' id='word_1_278' title='bbox 505 3113 665 3169; x_wconf 79' lang='lat' dir='ltr'>simulacra</span> <span class='ocrx_word' id='word_1_279' title='bbox 678 3105 805 3160; x_wconf 66' lang='lat' dir='ltr'>mesum</span> <span class='ocrx_word' id='word_1_280' title='bbox 950 3154 955 3175; x_wconf 39' lang='lat'>¹</span> 
     </span>
    </p>

    <p class='ocr_par' dir='ltr' id='par_1_4' title="bbox 62 3183 812 3252">
     <span class='ocr_line' id='line_1_41' title="bbox 62 3183 812 3252; baseline -0.009 -15"><span class='ocrx_word' id='word_1_281' title='bbox 62 3189 93 3238; x_wconf 86' lang='lat' dir='ltr'>et</span> <span class='ocrx_word' id='word_1_282' title='bbox 110 3187 196 3241; x_wconf 88' lang='lat' dir='ltr'>simul</span> <span class='ocrx_word' id='word_1_283' title='bbox 216 3208 250 3247; x_wconf 90' lang='lat' dir='ltr'>ac</span> <span class='ocrx_word' id='word_1_284' title='bbox 269 3195 409 3252; x_wconf 82' lang='lat' dir='ltr'>volumus</span> <span class='ocrx_word' id='word_1_285' title='bbox 427 3196 518 3252; x_wconf 87' lang='lat' dir='ltr'>nobis</span> <span class='ocrx_word' id='word_1_286' title='bbox 539 3187 677 3249; x_wconf 70' lang='lat' dir='ltr'>occurrit.</span> <span class='ocrx_word' id='word_1_287' title='bbox 689 3183 812 3240; x_wconf 51' lang='lat' dir='ltr'>&#39;imagin</span> 
     </span>
    </p>
   </div>
   <div class='ocr_carea' id='block_1_2' title="bbox 0 0 1024 3426">
    <p class='ocr_par' dir='ltr' id='par_1_5' title="bbox 0 0 1024 3426">
     <span class='ocr_line' id='line_1_42' title="bbox 0 0 1024 3426; baseline 0 1"><span class='ocrx_word' id='word_1_288' title='bbox 0 0 1024 3426; x_wconf 95' lang='lat' dir='ltr'> </span> 
     </span>
    </p>
   </div>
  </div>
 </body>
</html>
