2040 3426
73 110 111 166 36
480 107 515 164 II

69 211 191 265 incidere
208 226 243 263 ex
261 224 360 277 supere
377 208 526 264 levioribus
543 211 629 278 atque
645 209 686 264 ita
702 209 798 279 plagae
826 212 828 217 '

69 286 181 355 gignere
200 301 270 354 quae
287 285 392 353 possint
410 287 538 354 genitalis
555 286 673 341 reddere
690 290 789 354 metus,

69 363 146 416 avius
163 378 179 414 a
197 378 261 414 vera
278 361 357 428 longe
375 363 481 415 ratione
499 361 611 416 recedit,

69 455 131 490 nam
144 453 194 505 per
206 454 291 505 aquas
301 455 490 508 quaecumque
499 439 602 494 cadunt
611 443 696 508 atque
704 456 768 493 aera
776 453 876 505 rarum,
885 451 922 490 aee

69 514 136 568 haec
154 532 204 583 pre
221 515 621 585 penderibnseasuscelerare
639 519 777 571 necessest

68 594 216 659 propterea
233 593 298 661 quia
317 609 415 662 corpus
433 609 521 662 aquae
537 597 691 662 naturaque
708 592 797 647 tenvis

68 667 141 720 aeris
158 667 226 721 hant
243 672 358 736 pessunt
375 685 463 737 aeque
480 685 540 723 rem
559 686 696 738 quamque
714 667 822 733 merari,

69 742 120 796 sed
137 743 217 798 citius
235 745 338 799 cedunt
356 745 525 812 gravioribus
542 748 714 814 exsuperata.

69 819 99 870 at
117 822 212 873 contra
229 820 295 872 nulii
314 820 350 872 de
367 820 443 874 nulia
461 825 541 890 parte
557 837 648 888 neque
666 820 721 873 ulle
885 832 922 872 235

68 896 194 962 tempere
212 894 292 948 inane
311 899 404 962 petest
422 912 536 949 vacuum
555 895 705 948 subsistere
723 894 771 960 rei,

69 968 143 1036 quin,
160 985 210 1022 sua
227 970 301 1038 quod
318 974 417 1024 natura
433 971 512 1039 petit,
531 971 682 1024 concedere
699 970 811 1036 pergnt;

68 1044 159 1096 emnia
177 1048 346 1113 quapropter
364 1046 468 1100 debent
485 1046 632 1115 perinane
650 1045 774 1114 quietum

68 1134 155 1186 aeque
173 1119 340 1188 ponderibus
356 1124 416 1175 nen'
429 1122 524 1191 aequis
540 1121 648 1176 concita
664 1120 739 1174 ferri.

69 1194 143 1248 lraud
160 1195 243 1264 igitur
260 1199 392 1266 poterunt
409 1199 556 1254 levioribus
572 1198 694 1252 incidere
713 1210 841 1263 umquam
884 1207 921 1247 aso

69 1287 103 1324 cx
121 1288 220 1341 supere
236 1273 363 1342 graviora
379 1276 475 1343 neqne'
486 1277 558 1330 ictus
575 1275 688 1343 gignere
704 1288 754 1340 per
772 1287 802 1324 se

69 1347 117 1415 qui
135 1349 242 1403 varient
259 1354 350 1405 metus
368 1366 419 1420 per
436 1367 505 1419 ques
523 1354 621 1405 natura
638 1353 718 1418 gerat
735 1364 786 1400 res,

69 1439 154 1491 quare
172 1425 255 1479 etiarn
272 1429 357 1495 atque
375 1426 459 1480 etiam
478 1427 589 1495 paulum
608 1425 738 1478 inclinare
756 1424 894 1476 necessest

69 1513 197 1567 cerpora;
215 1516 265 1554 nee
282 1501 344 1569 plus
363 1517 446 1568 quam
464 1501 614 1568 minimum,
633 1515 669 1552 ne
687 1499 791 1565 fingere
809 1500 901 1550 metus

68 1571 193 1641 obliquos
210 1574 353 1629 videamur
371 1579 402 1629 et
419 1575 449 1628 id
466 1591 512 1630 res
529 1591 594 1628 vera
611 1575 721 1627 refutet.
883 1586 920 1626 rac

68 1664 186 1717 namque
197 1648 249 1702 hec
260 1650 289 1724 in
301 1654 431 1718 promptu
442 1651 672 1720 manifestumque
685 1665 745 1702 esse
757 1649 890 1714 ridemus,

68 1724 198 1792 pondera,
211 1729 345 1793 quantum
357 1727 385 1779 in
398 1731 462 1792 rest,
474 1745 529 1781 nen
541 1743 621 1796 posse
634 1725 744 1793 obliqua
755 1741 856 1793 meare,

69 1815 104 1852 er
122 1817 219 1868 supere
238 1817 299 1854 cum
317 1802 508 1871 praecipitant,
526 1803 601 1872 qued
619 1817 732 1856 eernere
749 1801 843 1869 pessis.

69 1874 119 1928 sed
137 1876 174 1929 nil
193 1877 302 1930 omnino
320 1885 396 1933 reeta
413 1879 524 1948 regione
541 1879 595 1933 viai

69 1950 207 2006 declinare
225 1953 287 2022 quis
305 1958 349 2009 est
367 1956 412 2024 qui
431 1957 518 2025 possit
536 1955 648 2009 cernere
667 1953 767 2008 desei
881 1965 919 2004 are

105 2028 230 2098 Denique
248 2030 271 2084 si
290 2047 399 2100 semper
416 2035 507 2085 metus
526 2031 678 2086 conectitur
695 2027 783 2082 omnis
864 2044 867 2051 ·

69 2106 99 2158 et
116 2108 210 2161 vetere
227 2106 351 2160 exeritur
367 2108 478 2174 temper
494 2124 580 2161 novus
597 2107 692 2160 ordine
710 2107 786 2159 certo
848 2112 870 2163 Ἰ

69 2196 119 2234 nec
133 2182 299 2238 declinando
317 2183 420 2238 faciunt
437 2182 587 2251 primordia
603 2185 695 2236 motus

68 2256 231 2325 principium
249 2260 388 2328 quoddam
407 2258 482 2329 qued
499 2259 549 2313 fati
565 2259 677 2314 foedera
694 2258 810 2324 rumpet,

69 2346 104 2383 ex
120 2332 228 2386 infinito
246 2351 282 2386 ne
299 2351 408 2387 causmn
426 2350 508 2387 cause
525 2337 665 2402 sequatur,
884 2342 920 2380 255

67 2405 155 2458 libera
171 2423 222 2473 per
239 2411 328 2460 terras
346 2410 419 2461 unde
437 2409 505 2460 haec
522 2408 705 2461 animantibus
722 2408 834 2467 exstet,-
911 2429 914 2435 ·

68 2480 142 2534 unde
160 2484 203 2534 cst
220 2481 294 2548 haec,
313 2482 431 2549 inquam,
448 2482 514 2534 fatis
532 2481 623 2535 avolsa
639 2484 762 2548 potestas

10 2587 34 2602 κ
68 2573 119 2626 per
136 2573 217 2625 quam
235 2556 427 2626 progredimur
444 2573 498 2624 que
515 2555 592 2610 ducit
608 2571 744 2623 quemque
760 2560 891 2632 voluntas,

70 2632 235 2687 declinamus
253 2633 320 2687 item
337 2636 497 2686 metusnec
514 2636 639 2701 tempere
656 2635 732 2685 certe

69 2724 119 2763 nec
136 2712 246 2780 regione
263 2710 314 2764 loci
333 2712 416 2776 certa,
435 2709 485 2763 sed
502 2709 549 2763 ubi
566 2710 626 2778 ipsa
643 2709 709 2763 tulit
725 2710 819 2763 mensi
883 2725 918 2762 nco

70 2799 132 2838 nam
151 2788 234 2842 dubio
252 2788 346 2858 procui
364 2787 407 2840 his
424 2785 506 2840 rebus
525 2803 573 2839 sua
591 2786 690 2855 cuique
707 2785 831 2838 veluntas

69 2862 231 2931 principium
249 2866 298 2919 dat
316 2867 345 2918 et
333 2863 425 2917 tchin
443 2865 533 2916 motus
550 2879 601 2932 per
617 2861 741 2916 membra
757 2861 888 2930 rigantur.

70 2950 159 2990 nenne
177 2939 253 2994 vides
272 2941 360 2996 etiam
373 2939 519 3007 patefactis
536 2943 660 3009 tempore
676 2941 778 3007 puncto

61 3013 218 3066 careantur
232 3031 289 3070 nen
303 3033 390 3086 pesse
408 3019 503 3075 tamen
520 3030 699 3089 prerumpere
716 3031 851 3084 ceruorum

47 3078 101 3130 '⁷7¹²
112 3088 245 3154 cupidam
261 3094 319 3148 tem
334 3093 483 3152 desubito
495 3111 589 3175 quam
592 3109 674 3148 mens
686 3092 845 3160 aretipsai
900 3098 941 3135 ‘zui

23 3156 119 3208 onmp
134 3165 214 3218 enirn
237 3168 336 3226 totum
357 3188 414 3246 per
434 3191 544 3248 corpus
561 3158 698 3230 materiai
