2040 3426
524 117 541 175 I

115 238 150 276 ex
166 221 273 276 infinito
290 223 424 276 vexantur
440 219 546 290 percita
562 219 658 290 plagis,

114 313 193 351 oraine
209 314 295 365 genus
311 300 403 351 motus
420 299 449 350 ct
466 299 561 350 coctus
578 294 746 364 experiundo

114 374 225 427 tandem
243 373 392 428 deveniunt
408 373 437 425 in
454 372 518 426 talis
535 371 721 441 disposituras,

114 448 239 517 qualibus
256 449 323 503 haec
339 464 433 502 rerum
451 448 576 502 consistit
593 464 698 501 summa
715 450 814 515 creata,

113 527 143 578 ct
159 525 260 580 multos
277 525 362 579 etiam
379 540 490 590 magnos
508 527 616 576 servata
632 539 683 592 per
700 539 784 577 annos

112 604 145 654 ut
162 600 246 654 semel
263 601 291 654 in
309 606 400 654 motus
417 600 566 654 coniectast
583 599 775 667 convenientis,
918 613 966 653 roeo

113 676 196 730 cfficit
212 680 244 731 ut
260 675 344 744 largis
361 674 470 729 avidum
488 691 564 729 maro
581 674 699 728 fluminis
715 675 796 729 undis

114 752 254 818 integrent
271 767 364 805 amnes
382 754 412 804 et
429 750 493 804 solis
511 754 585 804 terra
602 766 702 820 vapore

113 827 171 880 fota
187 830 270 881 novet
287 827 360 881 fetus
377 827 574 894 summissaque
590 843 658 894 gcus
675 825 844 880 animantum

115 903 211 958 floreat
228 906 258 958 et
274 902 367 957 vivam
384 900 510 962 labentes
527 902 757 970 aetheris'ignc33

113 978 277 1047 quod'nullo
294 978 416 1032 facerent
432 981 521 1046 pacto,
538 977 590 1031 nisi
607 977 731 1031 materiai
917 990 965 1030 rosa

111 1070 147 1107 cx
163 1055 267 1108 infinita
286 1053 403 1108 suboriri
419 1053 497 1122 copia
513 1056 613 1122 posset,

112 1129 185 1183 unde
202 1130 301 1184 amissa
318 1129 407 1183 solent
423 1145 552 1197 reparare
569 1130 597 1183 in
614 1133 739 1198 tempore
756 1144 889 1198 quaeque.

111 1221 175 1258 nam
192 1205 278 1259 ueluti
298 1204 406 1273 privata
418 1203 483 1257 cibo
499 1207 599 1258 natura
615 1205 785 1258 animantum

113 1279 213 1333 diffluit
230 1279 359 1334 aurittens
375 1279 481 1347 eorpus,
499 1278 538 1332 sic
554 1279 645 1333 omnia
662 1278 766 1332 debent

113 1354 225 1409 dissolui
242 1354 371 1417 simulac
388 1354 489 1408 defecit
506 1353 681 1422 suppeditare
916 1369 964 1409 roro

113 1431 242 1485 aratorias
259 1430 350 1499 aliqua
367 1429 474 1483 ratione
492 1445 587 1483 aversa
603 1429 665 1483 viai.

112 1523 163 1561 nce
179 1506 277 1575 plagae
294 1508 407 1575 possunt
425 1506 594 1560 extrinsecus
610 1505 732 1575 undiquc
750 1521 883 1560 summam

112 1583 272 1637 conservare
290 1598 396 1636 omnem
415 1585 663 1650 quaecumque'est
680 1580 830 1636 conciliata

113 1658 213 1713 cudere
231 1659 302 1712 enim
320 1657 416 1712 crebro
433 1660 548 1727 possunt
564 1660 727 1726 partemque
744 1656 851 1725 morari,

112 1733 178 1787 dum
195 1734 307 1788 veniant
324 1734 392 1787 aliae
409 1750 441 1788 ac
458 1732 579 1802 suppleri
596 1749 702 1788 summa
718 1735 843 1802 queatur.
916 1745 963 1786 rota

112 1810 250 1864 interdum
267 1809 372 1864 resilire
390 1813 482 1864 tamen
500 1812 634 1877 eoguntur
651 1811 681 1862 et
698 1824 753 1861 una

20 1947 22 1949 b
112 1885 251 1955 principiis
268 1901 360 1939 rerum
378 1885 496 1954 spatium
514 1888 679 1953 tempusque
695 1884 770 1952 fugai

110 1961 211 2029 largiri,
229 1964 262 2015 ut
279 1962 385 2030 possint
401 1977 418 2014 a
437 1962 517 2014 coetu
534 1959 623 2013 libera
639 1960 713 2013 ferri.

83 2064 98 2077 ·
112 2053 198 2104 quare
216 2036 300 2091 etiam
317 2033 402 2105 atque
421 2036 504 2090 etiam
522 2034 640 2088 suboriri
656 2035 744 2088 multa
760 2037 905 2102 rrcccsscst,

112 2116 141 2165 et
156 2117 249 2166 tamen
263 2115 295 2166 ut
308 2112 406 2181 plagae
421 2128 529 2180 quoque
544 2111 648 2180 possint
660 2113 807 2178 suppetere
818 2110 900 2178 ipsae,
915 2124 964 2163 roso

111 2187 219 2241 infinita
236 2204 304 2255 opus
321 2190 365 2240 cst
382 2187 423 2241 vis
440 2187 561 2254 undique
578 2185 711 2240 materiai.

148 2263 221 2316 iliud
239 2263 268 2314 in
285 2262 328 2315 his
346 2262 428 2316 rebus
446 2260 527 2329 longe
544 2262 609 2329 fuge
627 2260 748 2327 credere,
767 2258 887 2329 Memmi,

111 2337 139 2390 in
157 2337 279 2391 medium
297 2354 418 2391 summae
436 2338 511 2406 quod
528 2337 623 2392 dicunt
642 2337 731 2391 omnia
748 2335 807 2405 niti,

112 2417 197 2482 atque
213 2413 276 2468 ideo
293 2413 389 2467 mundi
407 2417 534 2468 naturam
553 2417 627 2468 stare
645 2413 703 2467 sine
720 2412 782 2466 ullis

112 2489 210 2542 ictibus
228 2489 348 2544 externis
366 2507 456 2558 neque
474 2507 612 2560 quoquam
629 2505 710 2558 posse
727 2486 826 2542 resolvi
915 2503 963 2542 rozo

112 2581 217 2619 sirrnma
234 2568 317 2633 atque
333 2566 395 2634 ima,
414 2567 487 2634 quod
504 2567 532 2620 in
550 2565 671 2620 medium
689 2565 745 2619 sint
762 2564 851 2618 omnia
867 2564 944 2619 nixa:

111 2641 198 2710 ipsum
216 2640 239 2694 si
256 2641 401 2709 quicquam
419 2644 544 2711 possein
563 2659 592 2696 se
610 2641 707 2695 sistere
725 2640 828 2695 credis:

111 2722 140 2770 ot
157 2733 228 2785 quae
244 2716 367 2785 pondera
384 2720 449 2770 suut
466 2717 517 2771 sub
534 2717 617 2772 terris
634 2716 723 2769 omnia
741 2730 849 2768 sursum

111 2792 193 2846 nitier
209 2793 238 2845 in
255 2795 386 2861 terraque
404 2796 479 2847 retro
497 2794 669 2862 requiescere
687 2793 773 2860 posta,

110 2869 142 2920 ut
158 2882 210 2934 per
226 2882 310 2935 aquas
327 2883 397 2936 quae
415 2864 486 2922 ntssrc
501 2885 594 2923 rerum
610 2866 753 2920 simulacra
767 2863 898 2922 ridemus.
915 2879 963 2920 rouo

111 2946 140 2996 et
158 2941 238 2995 simili
256 2943 361 2997 ratione
378 2944 506 2998 animalia
523 2959 613 3013 suppa
626 2940 728 3008 tuguri

110 3017 278 3072 contendunt
295 3035 387 3092 neque
405 3037 491 3094 posse
509 3039 526 3079 e
543 3017 684 3077 terrisin
694 3015 767 3069 usca
782 3009 863 3062 ussit

98 3092 239 3150 reccidere
256 3095 393 3158 iuferiora
411 3103 512 3176 magis
530 3116 624 3174 quarn
642 3104 774 3163 cornum
786 3083 906 3136 mim

88 3170 192 3234 ΒΡΟΜθ
207 3184 263 3230 ⁸¹¹ss
280 3179 400 3246 possint
419 3182 452 3240 iu
472 3183 552 3241 caeti
571 3173 698 3247 tennpia
711 3163 838 3222 vexate.
