2040 3426
94 212 203 267 acacio
221 212 257 266 ad
275 217 385 280 terram,
403 213 439 267 de
457 216 533 268 terro
550 215 586 269 ad
604 214 695 269 sidera
712 216 818 271 mundi.

93 289 168 358 quod
185 291 274 344 faeere
291 289 365 362 haud
382 287 437 343 ulio
455 290 558 345 debent
575 291 723 360 primordia
739 297 826 362 pacto.

94 366 264 420 immutabile
281 367 355 420 enim
372 367 503 437 quiddam
521 385 651 436 superare
669 372 815 438 necessest,

94 459 129 496 ue
147 459 192 497 res
209 443 246 496 ad
263 443 347 496 nilum
365 443 526 511 redigantur
543 443 667 498 funditus
685 462 784 500 omncs

94 535 157 573 nam
177 519 367 587 quodcumque
385 519 440 573 suis
458 522 594 573 mutatum
612 519 713 574 finibus
731 523 795 587 exit,

95 596 222 649 continuo
240 595 292 650 hoc
308 611 382 649 mors
400 599 443 649 est
460 595 532 649 illius
550 597 625 664 qued
641 596 782 661 fuitanto.

96 675 264 740 quapropter
282 671 408 738 quoniam
425 687 495 739 quae
513 672 594 740 paulo
614 671 732 725 diximus
750 677 813 727 ante

94 748 123 800 in
141 751 338 800 commutatum
355 746 475 814 veniunt,
494 751 619 801 constare
636 753 773 802 necessest

95 840 130 877 cx
148 824 208 876 aliis
226 839 266 891 ea,
284 839 353 890 quae
371 827 509 891 nequeant
526 824 681 878 convertier
698 841 821 892 usquam,

95 916 130 952 ne
148 899 199 952 tibi
218 915 262 953 res
280 899 397 953 redeant
413 899 451 952 ad
467 898 552 952 nilum
570 899 695 953 funditus
713 917 813 953 omnes.

52 1021 60 1036 ,
96 976 162 1042 quin
179 975 270 1044 potius
288 975 337 1028 tali
355 978 454 1029 natura
470 975 597 1042 praedita
615 976 749 1045 quaedam

96 1067 209 1119 corpora
227 1051 385 1118 constituas,
403 1050 494 1118 ignem
513 1052 537 1105 si
554 1052 626 1106 forte
644 1053 769 1119 ercarint,

96 1143 175 1193 posse
193 1125 290 1179 cadem
301 1125 427 1194 demptis
445 1127 537 1195 paucis
554 1127 703 1197 paucisque
720 1129 840 1198 tributis,
909 1143 947 1183 eoo

96 1202 193 1254 ordine
210 1205 315 1256 mutato
334 1206 364 1255 et
381 1205 465 1269 motu,
483 1203 572 1256 tacere
590 1205 661 1257 aeris
678 1221 765 1273 arnus,

97 1277 136 1330 sic
153 1277 219 1330 alias
237 1277 296 1329 aliis
313 1277 396 1330 rebus
414 1278 546 1330 mutarier
563 1279 683 1333 omnisi'

133 1353 190 1406 ‘At
207 1351 352 1406 manifesta
369 1351 460 1420 palam
478 1368 522 1404 res
539 1351 654 1407 indicat'
672 1355 761 1421 inquis
779 1356 819 1408 ‘in
837 1371 918 1410 auras

97 1428 168 1481 aeris
186 1444 202 1481 e
220 1431 294 1482 terra
312 1444 356 1481 res
375 1426 462 1480 omnis
480 1442 602 1481 crescere
620 1428 722 1496 aliqum

97 1507 127 1557 et
144 1504 196 1557 nisi
214 1505 364 1571 tempestas
381 1501 508 1570 indulget
526 1505 649 1572 tempore
666 1503 756 1558 fausto
910 1521 947 1563 see

96 1579 237 1647 imbribus,
255 1582 288 1632 ut
306 1578 371 1633 tabe
381 1578 541 1639 ,nimborum
559 1578 671 1633 arbusta
688 1581 823 1647 vacillent,

97 1655 192 1722 solque
209 1671 258 1709 sua
275 1671 326 1724 pro
344 1658 424 1724 parte
442 1655 517 1711 fovet
534 1655 687 1724 tribuitque
704 1657 829 1726 calorem,

97 1747 219 1786 crescere
236 1748 290 1786 nen
307 1731 412 1800 possint
429 1730 523 1799 fruges
541 1731 653 1787 arbusta
671 1733 831 1789 animantis)

97 1807 199 1861 scilieet
217 1811 247 1862 et
263 1807 315 1861 nisi
332 1824 381 1861 nos
398 1807 475 1861 cibus
493 1807 586 1861 aridus
605 1811 634 1862 et
651 1812 730 1862 tener
743 1825 826 1862 umor

97 1882 216 1951 adiuvet,
234 1884 331 1937 amisso
348 1882 404 1937 iam
421 1899 534 1952 corpore
551 1884 608 1938 vita
626 1901 733 1953 quoquo
751 1887 838 1939 omnis
910 1902 947 1943 sro

97 1958 223 2011 omnibus
241 1959 364 2013 eneruis
382 1963 465 2029 atque
483 1959 587 2013 ossibus
606 1961 769 2015 exsoluatur.

97 2035 253 2089 adiutamur
271 2035 343 2087 enim
361 2033 444 2088 dubio
462 2035 557 2102 procul
576 2039 659 2104 atque
677 2036 774 2089 alimur
790 2053 840 2090 nos

97 2111 178 2163 certis
196 2109 231 2162 ab
249 2110 338 2175 rebus,
357 2109 440 2163 certis
459 2110 528 2163 aliae
545 2113 629 2178 atquo
647 2111 716 2164 aliae
733 2128 785 2165 res.

98 2185 224 2238 nimirum
243 2185 306 2254 quia
322 2185 409 2237 uudta
426 2185 514 2238 modis
532 2187 683 2239 communia
700 2186 794 2240 multis

98 2260 245 2313 multarum
263 2276 354 2312 rerum
372 2259 400 2312 in
418 2260 500 2312 rebus
518 2260 667 2327 primordie
683 2261 769 2316 mixta
911 2280 948 2318 mo

98 2337 169 2402 sunt,
186 2334 249 2388 ideo
267 2335 348 2388 variis
366 2335 457 2388 variae
475 2351 520 2388 res
537 2334 620 2389 rebus
638 2337 753 2392 aluntur.
900 2334 903 2339 ’

99 2415 181 2479 atquo
199 2410 295 2465 cadem
312 2411 403 2479 magni
421 2411 506 2464 refert
524 2411 672 2480 primordia
689 2430 769 2482 saepo

98 2503 158 2540 cum
175 2486 274 2555 quibus
288 2485 320 2541 'et
337 2486 410 2556 quali
426 2487 548 2556 positura
567 2488 757 2544 contineantur

98 2567 127 2617 ct
144 2579 213 2630 quos
230 2564 302 2618 inter
319 2580 349 2618 se
368 2563 435 2618 dent
452 2567 543 2619 motus
561 2564 762 2634 accipiantquc;

98 2655 215 2706 namque
232 2640 329 2694 eadem
347 2640 451 2694 caelum
468 2656 544 2694 maro
562 2644 651 2694 terras
669 2641 779 2696 flumina
796 2643 881 2697 solem
910 2656 946 2694 ero

97 2714 274 2782 constituunt,
294 2716 390 2768 eadem
408 2717 500 2784 fruges
519 2717 631 2771 arbusta
649 2718 800 2784 animantis,

98 2805 192 2842 verum
210 2789 270 2843 aliis
289 2790 394 2857 alioque
412 2791 493 2845 modo
511 2793 658 2846 commixta
676 2795 825 2846 merentur.

98 2865 163 2933 quin
181 2865 265 2918 etiam
282 2866 383 2933 passim
400 2867 501 2921 nostris
518 2868 545 2920 in
562 2867 685 2920 versibus
702 2867 768 2935 ipsis

98 2941 186 2996 multa
203 2941 338 2995 elementa
355 2941 433 2995 vides
450 2943 545 2996 multis
562 2942 723 2995 eommunia
735 2940 848 2998 uerbis,

97 3032 157 3069 cum
177 3019 267 3072 tamen
285 3017 360 3074 inter
379 3035 411 3075 sc
427 3037 530 3076 versus
547 3036 581 3074 ae
597 3017 695 3072 rerba
707 3010 865 3069 necessest

88 3091 238 3149 confiteare
256 3099 287 3152 et
307 3114 339 3153 re
358 3103 393 3156 ot
411 3100 513 3160 sonitu
533 3098 651 3154 statmo
668 3085 804 3172 mmet·
887 3139 928 3188 xa

80 3166 189 3224 tantum
210 3173 360 3236 clementa.
381 3184 501 3254 queunt
518 3174 707 3253 mmmmm
728 3162 842 3218 ‘ww
858 3158 898 3198 ψ
932 3171 941 3184 ι

954 3002 1000 3038 suh
