2040 3426
90 216 253 282 finitumque
271 208 422 277 teretium
440 208 518 278 copia
535 207 662 263 materiei

89 290 212 359 undique
228 286 396 356 ponderibus
414 285 509 340 solidis
526 284 663 340 confluxet
680 283 718 339 od
736 284 820 340 imum

89 383 141 421 noc
157 382 202 420 res
219 364 275 418 ulla
291 363 351 432 geri
369 362 420 418 sub
437 362 505 418 caeli
522 361 645 429 tegmine
662 364 757 429 posset
812 366 817 375 '

88 459 140 497 noc
156 442 228 496 foret
245 441 353 495 omnino
371 440 476 495 eoelum
493 453 586 504 neque
605 436 710 491 lumina
727 437 799 505 solis,

90 519 191 588 quippo
208 516 255 570 ubi
273 516 404 572 materies
422 513 509 569 omnis
527 513 667 569 cumulate
685 513 788 567 laceret
911 527 950 567 000

89 611 124 649 ex
141 593 249 648 infinito
267 593 322 647 lem
340 595 464 660 tempore
483 589 658 644 subsidendo.

89 673 119 724 ot
135 687 207 724 nunc
224 670 352 723 nimirum
370 668 480 737 requies
498 666 564 720 duta
583 665 776 735 principiorum

89 746 247 816 corporibus
265 745 373 811 nullast,
392 743 457 813 quia
474 742 511 796 nil
530 744 573 796 est
591 741 714 795 funditus
733 739 818 793 imum

90 838 144 889 quo
162 822 240 891 quusi
258 820 394 875 confluere
412 823 441 874 et
459 817 541 872 sedes
560 817 609 871 ubl
626 833 727 886 ponere
744 815 857 884 possint

89 914 198 966 semper
214 898 244 951 ln
261 895 376 950 adsiduo
395 897 473 948 motu
490 909 536 948 res
556 909 681 962 quaeque
697 894 831 960 geruntur
909 904 948 944 005

88 972 213 1042 partibus
231 988 245 1025 o
262 970 367 1025 cunctis
384 969 545 1036 infernoque
563 967 774 1036 suppeditantur

90 1063 125 1101 cx
142 1047 249 1100 infinito
267 1047 323 1100 citu
340 1059 453 1112 corpora
470 1043 605 1098 materici.

89 1125 228 1191 postremo
246 1125 310 1176 ante
328 1119 421 1174 oculos
438 1136 483 1174 ros
502 1135 561 1173 rem
579 1117 658 1172 finire
675 1116 817 1190 videtur3·

90 1214 138 1251 acr
156 1197 288 1266 dissaepit
305 1196 381 1252 collis
399 1198 483 1264 etque
501 1211 566 1250 aem
582 1196 698 1261 montes,

89 1276 165 1328 terra
181 1289 257 1328 mare
275 1277 304 1328 et
321 1275 416 1326 contrc
433 1287 509 1326 mere
527 1274 616 1325 terres
633 1270 764 1325 terminat
780 1266 882 1333 omni03
900 1280 949 1322 1000

90 1366 170 1404 omne
188 1350 300 1418 quidem
317 1365 382 1404 vcro
400 1347 438 1402 nll
456 1350 499 1402 cst
518 1346 591 1415 quod
608 1345 687 1399 finiet
704 1348 789 1399 extro„

90 1429 133 1480 cst
150 1426 236 1494 igliur
253 1429 351 1480 nature
368 1424 420 1479 loci
438 1424 612 1492 spatiumque
630 1420 766 1490 profundi,

90 1501 165 1570 quod
181 1517 270 1569 nequo
288 1501 361 1554 claro
378 1515 427 1553 suo
445 1513 607 1566 percurrere
626 1496 741 1550 fulmina
757 1513 837 1551 cursu

89 1579 225 1644 perpetuo
243 1576 347 1643 possint
365 1574 424 1628 ccvi
443 1571 566 1627 lubentio.
583 1574 676 1625 tractu

28 1658 32 1666 '
89 1667 140 1704 nec
156 1665 282 1718 prorsum
299 1650 388 1704 iacere
405 1651 438 1703 nt
455 1650 543 1702 restet
564 1647 654 1701 minus
671 1647 712 1701 ire
729 1647 859 1712 m0s11do;
898 1662 949 1704 1005

88 1742 176 1793 usquo
194 1725 263 1779 adeo
280 1725 381 1792 passim
398 1726 477 1794 petet
494 1723 590 1791 ingens
610 1723 689 1793 copia
705 1722 789 1777 rebus

90 1800 190 1855 finibus
207 1800 343 1866 exemptis
360 1800 389 1852 in
407 1803 518 1854 cunctae
536 1798 659 1868 undique
677 1799 770 1868 partis.

127 1877 195 1945 Ipso
212 1876 324 1929 modum
342 1892 424 1945 porro
442 1874 494 1928 sibi
513 1891 606 1929 rerum
625 1891 730 1929 summa
747 1891 845 1944 peroro

89 1968 124 2006 nc
141 1952 234 2020 possit
251 1955 351 2005 natura
368 1955 453 2018 tenet,
473 1967 544 2020 quae
562 1966 662 2021 corpus
680 1950 753 2004 inani

90 2030 120 2081 ot
138 2027 212 2096 quod
229 2027 309 2081 inane
326 2032 419 2082 sutem
437 2030 481 2081 est
498 2027 572 2081 finiri
591 2043 704 2096 corporo
721 2026 807 2095 cogit.
899 2042 948 2085 1010

89 2106 122 2158 ut
140 2105 180 2157 sic
196 2103 308 2157 alternis
326 2104 432 2158 infinite
450 2104 542 2158 omnia
559 2102 668 2170 reddat,

90 2179 238 2234 autetiam
257 2180 428 2248 alterutrum,
447 2179 500 2234 nisi
517 2179 649 2235 terminet
667 2177 792 2246 alterum,
810 2193 904 2232 eorum

91 2256 212 2325 simplice
229 2259 327 2310 natura
343 2260 439 2326 petent
456 2259 549 2310 temen
566 2255 773 2309 inmoderatum.

513 2349 532 2383 ἦ

91 2423 141 2460 nec
159 2423 234 2460 maro
251 2423 302 2460 nec
319 2406 401 2460 tellus
419 2423 509 2475 neque
527 2406 596 2460 caeli
614 2405 705 2459 lucide
722 2404 825 2473 templa

91 2497 141 2534 nec
158 2479 272 2534 mortale
289 2496 375 2547 genus
392 2496 444 2534 nec
462 2480 557 2534 divum
575 2496 688 2548 corpora
706 2482 800 2535 sancta
897 2495 948 2536 1015

91 2555 219 2624 exiguum
237 2557 348 2624 possent
365 2554 442 2608 horai
460 2555 559 2609 sistere
577 2556 692 2622 tempus.

90 2648 154 2686 num
172 2630 293 2701 dispulsa
312 2647 361 2685 suo
379 2631 513 2687 decoctu
531 2629 658 2684 materiai

91 2708 167 2778 copie
184 2708 305 2763 ferretur
321 2723 451 2776 magnum
469 2723 519 2776 per
537 2706 617 2761 lnsne
636 2705 732 2775 soluto,

92 2785 148 2838 sive
165 2784 235 2840 adeo
251 2783 344 2854 potius
361 2799 510 2851 numquam
528 2787 654 2838 concreta
671 2786 791 2839 creasset

91 2861 174 2914 ullam
191 2878 258 2929 rem,
276 2859 405 2930 quonlam
422 2859 482 2927 cogi
499 2859 614 2914 disiecta
631 2860 780 2928 nequisset.
896 2875 946 2915 1010

91 2951 155 2988 nam
172 2940 247 2991 corto
264 2952 356 3006 nequo
374 2935 484 2990 consilio
502 2935 652 3005 primordie
670 2950 762 2988 rorum

91 3009 188 3063 ordine
203 3027 235 3065 se
250 3030 300 3068 suo
318 3029 444 3084 quaeque
462 3012 553 3082 sagaci
569 3015 663 3066 monte
673 3009 803 3083 Alocarunt

69 3099 128 3134 nee
143 3101 216 3152 quos
233 3104 364 3162 quaeque
382 3092 492 3148 darent
508 3095 605 3146 motus
621 3086 758 3160 popipero
773 3085 912 3152 profecto,

51 3155 112 3205 sed
127 3159 194 3224 qrzrlo
214 3164 309 3221 multe
326 3169 423 3224 modis
444 3168 548 3225 multis
566 3168 682 3223 mutatu
697 3179 752 3234 1101
770 3175 856 3215 ouum
