2040 3426
529 127 565 187 II
931 121 966 180 39

113 247 228 302 quorum
245 248 329 288 unum
347 232 455 302 quidvis
472 232 625 302 generatim
643 250 751 288 sumere
771 249 865 303 perge,

112 308 234 364 invenies
251 313 344 364 tamen
361 311 436 363 inter
451 325 481 363 se
499 309 610 363 differre
627 309 731 377 figuris.

114 400 165 438 neo
183 386 287 440 ratione
305 386 357 440 alia
375 384 467 453 proles
485 401 648 452 cognoscere
665 389 783 440 matrem

115 476 166 515 nee
184 465 272 516 mater
289 465 384 531 posset
401 462 522 530 prolem;
540 461 616 529 quod
633 477 714 530 posse
731 463 857 516 videmus
933 477 969 518 sse

116 552 166 590 nec
183 538 272 591 minus
289 541 374 606 atque
392 536 604 591 homines'inter
622 553 651 590 se
668 540 734 591 nota
751 538 850 592 eluere.

116 628 179 666 nam
197 630 278 681 saepe
296 617 360 666 ante
378 613 461 667 deum
479 612 580 666 vitulus
598 612 715 666 delubra
732 614 832 668 decora

116 689 278 742 turicremas
296 693 410 759 propter
427 690 564 742 mactatus
581 689 700 743 concidit
718 706 779 743 aras

117 765 255 832 sanguinis
273 765 401 834 expirans
419 764 537 818 calidum
556 763 721 834 depectere
739 765 854 820 flumen.

116 843 146 893 at
164 843 254 893 mater
272 840 366 894 viridis
385 840 472 894 saltus
490 841 588 893 orbata
605 857 754 909 peragrans
933 855 969 895 seo

117 915 204 969 noscit
223 915 299 969 humi
316 916 432 986 pedibus
450 914 566 983 vestigia
582 933 678 984 pressa
695 916 813 985 bisulcis,

117 992 208 1046 omnia
225 992 366 1047 convisens
384 990 471 1046 oeulis
488 991 548 1045 loca
566 993 589 1046 si
606 996 691 1061 queat
707 1010 823 1062 usquam

116 1068 273 1136 conspicere
291 1070 420 1122 amissum
438 1068 534 1136 letum,
552 1069 725 1138 completque
743 1069 872 1138 querellis

115 1142 297 1198 frondiferum
315 1160 411 1198 nemus
429 1143 565 1197 absistens
582 1147 612 1198 et
630 1144 727 1199 erebra
744 1145 839 1200 revisit

116 1219 153 1273 ud
171 1220 308 1273 stabulum
327 1219 465 1273 desiderio
482 1221 588 1287 perfixa
604 1220 719 1287 iuvenci,
930 1236 968 1275 seo

116 1311 166 1348 nee
184 1298 296 1349 tenerae
316 1295 411 1348 salices
429 1297 513 1362 atque
530 1295 631 1348 herbae
648 1311 711 1349 rore
728 1294 852 1362 vigentes

116 1370 282 1437 fluminaque
300 1370 348 1424 illa
366 1371 471 1439 queunt
488 1370 600 1424 summis
617 1369 737 1424 labentia
754 1371 821 1439 ripis

116 1446 254 1500 oblectare
272 1447 391 1500 animum
411 1448 602 1515 sumptamque
619 1449 744 1499 avertere
762 1462 863 1512 curam,

115 1538 165 1575 neo
182 1522 330 1576 vitulorum
348 1521 416 1575 aliae
434 1521 539 1590 species
557 1538 608 1590 per
624 1520 725 1589 pabula
743 1520 816 1576 laeta

115 1597 239 1651 derivare
257 1600 362 1664 queunt
379 1597 500 1651 animum
521 1613 640 1666 curaque
657 1597 762 1651 levare:
929 1612 965 1652 ses

114 1690 201 1741 usque
220 1674 289 1727 adeo
306 1672 437 1741 quiddam
455 1673 597 1742 proprium
614 1676 762 1742 notumque
780 1673 902 1742 requirit.

115 1752 259 1816 praeterea
276 1749 365 1804 teneri
382 1749 508 1802 tremulis
525 1765 587 1803 eum
605 1749 716 1803 vocibus
734 1749 815 1802 hoedi

115 1826 270 1907 cornigeras
288 1829 389 1879 norunt
407 1828 509 1879 matres
527 1825 644 1893 agnique
662 1824 763 1895 petulci

115 1900 255 1954 balantum
274 1900 409 1970 pecudes:
428 1901 476 1969 ita,
494 1902 568 1970 quod
586 1905 685 1954 natura
702 1900 828 1969 reposcit,

114 1977 150 2031 ad
168 1994 216 2031 sua
234 1978 349 2046 quisque
366 1977 424 2031 fere
443 1977 594 2031 decurrunt
610 1977 696 2030 ubera
713 1976 799 2030 laetis.
927 1991 964 2032 ste

114 2057 252 2122 postremo
271 2052 385 2120 quodvis
403 2053 569 2105 trumentum
587 2069 641 2105 non
659 2055 752 2105 tamen
769 2067 849 2106 omne

114 2130 215 2198 quique
234 2145 283 2182 suo
300 2144 402 2195 genere
419 2127 492 2180 inter
510 2144 539 2180 se
557 2127 643 2181 simile
661 2143 720 2180 esse
738 2125 849 2194 videbis,

114 2206 180 2273 quin
198 2205 365 2258 intercurrat
382 2202 516 2271 quaedam
534 2203 665 2256 distantia
680 2201 782 2254 formis.

114 2280 332 2347 concharumque
348 2294 435 2346 genus
451 2278 532 2346 parili
551 2277 656 2332 ratione
672 2276 798 2330 videmus

66 2352 70 2356 ⁴
113 2357 228 2427 pingere
245 2354 352 2425 telluris
369 2354 512 2422 gremium,
530 2370 585 2423 qua
602 2352 727 2407 mollibus
744 2351 824 2406 undis
928 2366 965 2406 su·

113 2433 201 2486 literis
219 2430 325 2485 incurvi
342 2429 464 2484 bibulam
480 2431 557 2499 pavit
575 2446 677 2498 aequor
693 2428 829 2482 harenam.

114 2524 199 2576 quare
217 2507 301 2562 etiam
319 2510 402 2576 atque
420 2508 502 2561 etiam
521 2506 600 2559 simili
617 2506 722 2560 ratione
738 2506 885 2573 necessest,

113 2586 212 2638 natura
229 2583 356 2653 quoniam
374 2586 500 2637 constant
516 2599 605 2651 neque
622 2582 696 2636 faeta
713 2597 796 2634 mauu
813 2582 879 2634 suut

113 2661 194 2713 unius
206 2659 249 2713 ‘ed
266 2662 371 2714 certam
388 2660 503 2712 formam
520 2658 670 2727 primordia
687 2672 787 2723 rerum,

114 2735 238 2789 dissimili
255 2735 329 2789 inter
346 2750 376 2788 se
394 2733 530 2803 quaedam
548 2734 662 2788 volitare
680 2732 774 2799 figure.
928 2736 966 2782 sse

81 2832 103 2873 ι
149 2811 281 2882 Perfacile
299 2813 343 2865 est
360 2809 409 2864 teli
428 2809 534 2864 ratione
552 2809 692 2864 exsolvere
708 2804 788 2859 nobis

113 2903 198 2956 quaro
215 2887 361 2942 fulmineus
378 2886 465 2940 multo
483 2885 650 2957 penetralior
667 2881 738 2949 ignis

113 2979 196 3031 quam
213 2968 307 3018 noster
324 2964 384 3018 ierat
402 2979 417 3016 e
435 2963 526 3017 taedis
543 2958 726 3016 terrestribus
741 2957 835 3008 ortus.

114 3037 206 3093 dicere
224 3039 294 3094 enim
312 3039 402 3111 possis
421 3039 575 3096 caelestem
592 3033 725 3094 tumida
736 3030 845 3118 'egum

106 3115 236 3184 suptilem
254 3118 344 3188 magis
363 3136 380 3174 e
400 3120 499 3193 parvis
518 3121 659 3176 constare
674 3112 803 3188 ΜΝ,
840 3168 848 3181 .
895 3157 931 3204 'xe

97 3191 184 3258 etque
200 3191 268 3250 ideo
287 3198 418 3257 transire
437 3199 593 3257 foramina
611 3209 694 3266 quae
710 3177 830 3249 wrm
842 3174 906 3227 ΧΨ
