2040 3426
112 134 169 192 138
525 127 557 184 V

109 237 196 290 multa
212 233 337 290 videmus
354 231 435 302 enim,
452 234 529 288 certo
546 249 616 302 quac
634 236 758 304 tempore
776 232 848 289 fiunt

109 311 240 374 omnibus.
250 311 279 364 in
296 310 386 364 rebus.
403 309 552 364 florescunt
569 312 694 378 tempore
711 312 787 364 certo
927 323 966 366 11)

108 387 221 441 arbusta
237 390 267 441 et
284 389 359 441 certo
376 385 521 440 dimittrmt
538 389 662 455 tempore
679 386 782 440 florem.
854 440 861 454 ‚

108 479 159 517 nac
176 464 264 516 minus
280 463 308 516 in
326 464 402 516 certo
420 461 518 515 dentes
536 461 635 516 cadere
653 463 771 531 imperat
788 464 866 516 aetas

108 542 234 608 tempore
251 542 281 593 et
298 538 426 609 inpubem
444 537 518 591 molli
534 537 684 606 pubescere
700 541 778 593 reste

109 620 140 671 et
156 618 260 684 pariter
277 615 386 671 mollem
404 615 483 670 malis
501 614 648 670 demittere
665 613 786 669 barbam.

108 692 222 746 fulmina
238 696 376 760 postremo
393 691 442 745 nix
459 689 561 744 imbres
578 690 671 744 nubila
687 690 762 744 venti
930 700 968 740 115

109 784 164 823 non
181 769 262 822 nimis
279 769 391 823 incertis
408 768 479 822 fiunt
495 767 524 820 in
542 767 668 836 partibus
685 766 755 820 anni.

109 861 228 913 namque
244 843 291 898 ubi
310 844 347 898 sic
364 844 635 898 fuemnt'causarum
653 841 766 897 exordia
783 841 874 910 prima

110 921 251 989 atque·ita
267 936 313 973 res
329 920 423 973 mundi
441 919 569 974 cecidere*
583 918 618 972 ab
636 918 739 987 origine
756 918 852 986 prima,

111 1002 245 1065 conseque
264 1012 373 1064 quoque
391 995 446 1048 iam
463 995 582 1050 redeunt
599 1011 633 1049 ex
651 995 747 1048 ordino
765 998 848 1048 certo.

147 1071 277 1125 Crescere
288 1071 411 1139 itemque
423 1069 482 1124 dies
494 1071 559 1126 licet
571 1078 601 1124 et
612 1070 754 1124 tabescere
766 1073 869 1137 noctes,
929 1081 969 1120 mo

111 1149 141 1200 et
157 1147 241 1200 minui
258 1147 339 1212 luces,
357 1145 420 1200 cum
437 1150 546 1201 sumant
563 1146 690 1214 augmina
706 1149 808 1213 arictes,

111 1226 159 1276 aut
177 1223 241 1292 quia
258 1223 298 1277 sol
315 1223 389 1277 idem
407 1223 457 1278 sub
473 1226 564 1277 terras
581 1227 664 1290 atque
683 1238 800 1291 superno

112 1299 260 1368 imparibus
277 1315 389 1354 currens
406 1298 585 1354 amfractibus
603 1297 723 1352 aetheris
742 1313 804 1352 oras

111 1376 197 1443 partit
215 1375 288 1431 etin
306 1375 393 1445 partis
410 1392 463 1430 non
482 1391 583 1444 aequas
602 1373 702 1429 dividit
719 1373 825 1443 orbem,

112 1454 142 1506 et
159 1452 233 1520 quod
249 1451 285 1505 ab
302 1451 436 1506 alterutra
454 1452 576 1505 detraxit
593 1452 681 1520 parte,
699 1450 810 1519 reponit
932 1460 971 1502 oet

112 1528 171 1581 eius
187 1527 216 1580 in
233 1526 348 1580 adversa
365 1529 444 1580 tanto
461 1527 523 1596 plus
540 1531 620 1595 parte
638 1526 749 1594 relatus,

113 1604 200 1657 donec
217 1602 254 1656 ad
271 1602 301 1655 id
319 1603 425 1668 signum
444 1602 511 1656 caeli
529 1603 662 1671 pervenit,
681 1601 729 1656 ubi
746 1601 813 1655 anni

112 1678 199 1732 nodus
217 1681 364 1731 nocturnas
382 1681 518 1746 exaequat
534 1678 640 1732 lucibus
656 1677 775 1731 umbras.

111 1771 182 1820 nram,
200 1752 290 1807 medio
309 1768 389 1806 cursu
406 1752 487 1806 flatus
505 1753 638 1822 aquilonis
655 1756 685 1808 et
702 1753 796 1821 austri,

112 1829 226 1883 distinct
243 1831 361 1896 aequato
379 1827 484 1882 caelum
502 1827 657 1883 discrimine
674 1832 763 1883 metas
934 1841 973 1882 cao

111 1908 225 1973 propter
241 1904 362 1972 signiferi
379 1904 530 1973 posituram
547 1905 633 1959 totius
650 1904 730 1971 orbis,

112 1997 201 2034 annua
218 1980 258 2034 sol
275 1980 303 2033 in
322 1997 376 2049 quo
394 1980 532 2035 concludit
549 1982 674 2049 tempora
692 1997 813 2050 serpens,

111 2056 222 2124 obliquo
240 2060 329 2110 terras
346 2059 376 2109 et
392 2056 496 2110 caelum
514 2056 616 2110 lumine
633 2056 759 2125 lustrans,

114 2134 146 2186 ut
162 2132 233 2185 ratio
251 2131 374 2186 declarat
391 2148 485 2185 eorum
503 2132 550 2200 qui
567 2132 626 2186 loca
643 2133 711 2187 caeli

112 2207 203 2261 omnia
221 2207 360 2276 dispositis
378 2207 461 2275 signis
478 2211 574 2262 ornata
591 2210 728 2264 notarunt.
937 2226 975 2265 aaa

112 2286 161 2338 aut
178 2283 242 2351 quia
259 2284 375 2338 crassior
392 2286 435 2337 est
452 2284 535 2337 certis
552 2283 581 2336 in
599 2284 723 2354 partibus
741 2301 796 2352 aer,

112 2358 165 2412 sub
182 2360 265 2413 terris
282 2359 344 2413 ideo
361 2359 509 2414 tremulum
526 2359 606 2413 iubar
622 2360 742 2415 haesitat
759 2361 831 2428 ignis

113 2451 164 2488 nec
181 2438 327 2504 penetrare
344 2438 437 2504 potest
453 2435 532 2489 facile
549 2439 632 2505 atquc
650 2452 791 2505 emergere
808 2436 845 2489 ad
862 2441 948 2492 ortus.

113 2512 261 2579 propterca
278 2513 371 2564 noctes
387 2510 502 2564 hiberno
520 2514 645 2580 tempore
661 2512 759 2580 longae

113 2588 229 2653 cessant,
247 2584 313 2639 dum
331 2585 423 2640 veniat
439 2585 578 2641 radiatum
594 2587 699 2656 insigne
717 2588 779 2643 dici.
937 2603 976 2646 roo

114 2662 271 2733 autetiam,
290 2661 355 2731 quia
372 2661 410 2716 sic
427 2661 540 2718 alternis
557 2663 683 2733 partibus
700 2664 763 2718 anni
812 2687 815 2691 ’

114 2737 223 2791 tardius
241 2741 271 2793 ct
288 2738 369 2793 citius
386 2738 551 2794 consuerunt
568 2739 704 2794 confluere
720 2741 798 2808 ignca

114 2814 162 2882 qui
179 2814 281 2869 faciunt
298 2814 383 2869 solem
400 2817 476 2869 certa
493 2814 642 2884 desurgere
659 2819 746 2884 parto,

114 2892 262 2957 propterca
279 2891 312 2946 fit
328 2892 370 2945 uti
387 2891 533 2947 videantur
551 2891 642 2946 dicero
659 2909 753 2946 verum

91 3109 99 3122 ο
136 3041 218 3095 huna
230 3046 332 3111 potest
349 3044 415 3101 solis
434 3044 520 3101 radiis
536 3060 668 3117 percussa
681 3044 773 3097 nitere
938 3058 978 3101 111

77 3124 172 3180 mque
190 3117 255 3172 dies
273 3122 367 3192 maffia
386 3123 424 3180 id
438 3123 541 3181 lumen
559 3124 727 3180 conuertere
741 3116 826 3171 111111

58 3183 109 3232 Μ
119 3193 264 3263 mosem,
286 3206 437 3268 quantum
460 3202 533 3259 solis
553 3197 669 3260 secedit
687 3194 728 3249 ab
744 3190 823 3253 arnt,
