2040 3426
97 128 135 188 76
493 121 548 178 III

96 245 240 300 possumus
257 226 377 281 infernas
395 224 500 280 animas
518 225 679 280 Acherunte
695 225 796 294 uagari.

95 306 215 374 pictores
232 304 326 371 itaque
344 305 374 356 et
392 302 557 371 scriptorum
575 301 665 356 saecla
681 301 774 369 priora

96 382 135 435 sic
153 381 257 434 animas
275 378 506 433 introduxerunt
523 378 647 432 sensibus
665 381 766 433 auctas.
913 393 952 434 eso

97 462 127 512 at
144 473 234 525 neque
253 473 359 510 sorsum
377 455 447 509 oculi
464 471 554 523 nequo
571 471 652 509 nares
669 471 719 508 nce
736 471 834 509 manus
851 455 914 524 ipsa

96 550 156 587 csse
172 535 266 600 potest
284 532 390 585 animae
409 547 499 600 neque
517 546 623 584 sorsum
643 530 742 598 lingua,
762 547 852 600 nequo
868 546 953 586 aures

95 609 193 662 auditu
210 624 260 676 per
277 623 307 661 se
324 609 440 676 possunt
457 607 562 660 sentire
578 616 668 674 neque
686 621 753 660 esse.

131 685 168 737 Et
185 684 312 753 quoniam
331 685 390 737 toto
408 682 542 735 sentimus
560 687 681 750 corpore
692 681 782 736 inesse

95 760 206 814 vitalem
225 775 334 813 sensum
352 762 382 812 et
399 760 490 812 totum
508 774 568 812 esse
586 757 702 812 animale
718 758 852 827 ridemus,
915 773 953 813 aaa

96 836 118 889 si
137 836 228 890 subito
245 835 367 888 medium
385 834 468 888 celeri
485 832 652 902 praeciderit
668 833 725 888 ictu

95 912 136 965 vis
153 911 246 980 aliqua
263 913 296 964 ut
315 927 420 963 sorsum
437 913 545 976 partem
563 912 689 963 secernat
706 913 861 979 utramque,

96 987 244 1055 dispertita
261 987 355 1054 procul
374 985 457 1039 dubio
475 1000 584 1054 quoque
602 985 643 1038 vis
661 986 761 1038 animai

96 1065 125 1115 ct
144 1062 257 1114 discissa
275 1062 354 1112 simul
373 1077 434 1113 cum
452 1075 566 1128 corpore
584 1059 744 1114 dissicietur.

95 1141 125 1190 at
143 1136 218 1205 qnod
236 1136 368 1189 scinditur
386 1141 414 1189 et
432 1136 519 1205 partis
537 1135 655 1190 discedit
672 1135 701 1188 in
718 1137 795 1203 ullas,
915 1151 953 1190 oro

97 1213 201 1267 scilicet
219 1216 360 1266 aeternam
379 1212 430 1264 sibi
448 1215 576 1265 naturam
593 1211 690 1265 abnuit
708 1228 775 1266 csse.

96 1288 230 1342 falciferos
247 1293 400 1342 memorant
418 1302 514 1341 currus
532 1287 675 1341 abscidere
692 1288 816 1341 membra

96 1381 177 1434 saepe
195 1364 235 1418 ita
252 1362 288 1417 de
307 1364 397 1418 subito
414 1364 552 1432 permixto
569 1363 654 1416 caede
672 1363 792 1429 calentis,

96 1446 128 1496 ut
146 1445 267 1495 tremere
285 1441 313 1493 in
331 1444 407 1493 terra
425 1439 551 1492 videatur
569 1437 604 1492 ab
622 1439 737 1492 artubus
755 1438 784 1504 id
802 1437 876 1506 quod

96 1517 201 1571 decidit
212 1515 354 1581 abscisum,
367 1531 428 1568 cum
441 1530 519 1568 inens
530 1517 623 1568 tamen
635 1518 719 1582 atque
732 1513 847 1567 hominis
855 1513 899 1568 ris
914 1529 953 1569 aas

96 1591 250 1646 mobilitate
267 1590 332 1644 mali
350 1605 404 1663 non
422 1590 483 1658 quit
500 1589 604 1644 sentire
623 1589 759 1656 dolorem}

95 1672 124 1722 et
143 1667 227 1721 semel
245 1666 273 1718 in
291 1681 401 1734 pugnae
419 1665 510 1718 studio
529 1665 603 1733 quod
621 1665 717 1720 dedita
733 1681 811 1718 mens
828 1668 880 1732 est,

95 1759 209 1812 corpore
226 1741 333 1809 rcliqlio
350 1749 470 1810 pugnam
488 1741 641 1810 caedesque
658 1742 780 1810 petessit

97 1835 146 1872 nec
165 1821 242 1872 tenet
260 1815 508 1870 amissamlaeram
526 1833 587 1870 cum
605 1818 726 1886 tegmine
744 1833 826 1886 saepe
908 1846 921 1855 ν

97 1895 170 1948 inter
188 1911 272 1962 equos
291 1892 420 1946 abstraxe
437 1895 512 1946 rotas
530 1893 667 1962 falcesque
683 1909 803 1962 rapaces,
915 1908 953 1948 ere

97 1987 147 2024 nec
166 1970 295 2023 eccidisse
313 1969 382 2023 alius
394 1970 534 2036 dextram,
553 1986 616 2022 cum
635 1969 742 2023 scandit
759 1974 789 2023 et
805 1969 899 2024 instat.

97 2045 161 2100 inde
180 2045 248 2099 alius
266 2049 381 2099 conatur
398 2045 528 2114 adempto
547 2061 659 2113 surgere
677 2061 764 2112 crure,

96 2139 158 2176 eum
177 2121 279 2190 digitos
296 2121 384 2189 agita
402 2124 517 2190 propter
534 2120 713 2174 moribundus
730 2120 804 2173 humi
822 2136 880 2188 pes.

96 2204 126 2254 ct
144 2203 227 2269 caput
244 2198 380 2253 abscisum
398 2197 486 2252 calido
503 2198 667 2265 viventeque
684 2201 781 2249 trunco

96 2281 187 2329 servat
205 2275 280 2329 humi
299 2275 403 2328 voltum
421 2273 533 2328 vitalem
551 2273 697 2341 oculosque
715 2271 844 2340 patentis,
915 2288 952 2325 osa

97 2352 184 2404 donce
201 2350 331 2419 reliquias
348 2349 448 2402 animai
465 2347 590 2402 reddidit
607 2363 708 2401 omnes.

96 2427 163 2495 quin
181 2424 332 2478 ctiam-tibi
351 2425 375 2477 si
393 2425 486 2490 lingua
503 2424 629 2477 vibrante
647 2423 777 2477 minantis

97 2500 233 2569 serpentis
251 2499 367 2552 caudam
386 2515 402 2552 c
419 2511 532 2566 procero
550 2515 663 2568 corpore
681 2515 816 2554 arsuram

95 2578 132 2630 sit
150 2573 423 2629 libitumssin'multas
442 2574 528 2642 partis
547 2574 681 2628 discidere
699 2574 781 2642 ferro,

96 2653 186 2707 anima
203 2651 257 2705 iam
275 2665 382 2706 sorsum
396 2660 494 2704 'cernes
512 2649 605 2704 ancisa
622 2650 727 2704 recenti

97 2732 206 2785 volnere
224 2727 322 2783 tortari
341 2732 370 2781 ot
386 2729 490 2781 terram
508 2743 692 2795 conspargere
709 2726 782 2794 tabo,

96 2809 184 2878 ipsam
202 2822 286 2877 seque
303 2808 380 2858 retro
397 2805 504 2871 partem
521 2806 618 2871 petere
636 2819 684 2855 ore
702 2803 828 2870 priorem,

96 2885 213 2938 volneris
224 2883 341 2937 ardenti
358 2884 391 2935 ut
408 2897 500 2934 morsu
518 2882 625 2948 premat
642 2879 699 2932 ieta
716 2877 846 2932 dolorem.

97 2960 221 3027 omnibus
239 2958 403 3026 csseigitur
421 2960 494 3012 totas
512 2956 634 3009 dicemus
652 2955 681 3007 in
698 2953 752 3006 illis

80 3033 234 3096 particulis
248 3034 376 3092 animast
393 3037 424 3090 at
441 3050 476 3089 ea
492 3031 601 3087 ratione
617 3033 749 3098 sequetur
915 3043 954 3083 aas

68 3119 156 3159 mmm
172 3109 353 3167 animantem
375 3113 489 3167 animas
504 3108 642 3164 babidsse
657 3105 689 3157 in
706 3117 824 3170 corpore
837 3099 954 3154 mutas

55 3189 125 3240 ⁶4⁷0
144 3181 274 3240 divisast
296 3205 331 3244 ca
351 3207 433 3260 quac
455 3189 513 3243 fuit
532 3200 594 3239 una
611 3179 700 3234 simul
718 3193 786 3228 enm
