2040 3426
873 31 957 38 q

496 116 543 174 Vl
884 125 934 183 lto

89 215 192 286 quippe
210 212 310 270 etenim
327 216 416 285 prImo
432 217 509 283 quasi
526 218 663 286 quendam
680 223 785 276 conciet
802 225 916 280 aestum.

88 292 225 362 posterius
242 291 276 345 fit
293 293 342 358 uti,
360 308 421 344 cum
439 293 493 345 iam
511 293 636 347 cecidere
654 296 751 348 veneni

86 371 116 423 in
132 369 216 424 fontis
232 368 314 437 ipses,
331 367 370 421 ibi
387 369 424 422 sit
442 385 552 438 quoque
569 370 626 424 vita
644 373 778 429 vomenda

86 450 235 516 propterea
251 443 326 512 quod
342 440 442 512 magna
458 446 522 498 mali
540 446 574 501 fit
591 447 668 516 eopia
685 449 794 505 circum.

122 521 170 576 Fit
176 537 286 591 quoque
291 524 323 575 ut
331 520 468 574 i11tcrdum
476 521 517 576 vis
524 521 593 576 haec
605 526 894 590 atqueaestusAverni
902 545 938 583 sso

86 613 158 666 aera,
176 597 223 666 qui
240 597 314 651 inter
331 597 388 652 avis
405 600 549 665 cumquest
567 601 724 667 terramque
742 601 854 670 locatus,

86 671 222 741 discutiat,
238 678 326 744 prope
343 674 385 728 uti
403 673 476 726 locus
493 673 538 726 hic
555 673 695 743 linquatur
712 676 805 732 inanis.

85 750 162 802 cuius
179 749 226 803 ubi
244 767 260 804 e
277 751 388 818 regione
405 749 456 803 loci
473 765 574 804 venere
591 751 721 818 volantes,

84 825 220 880 claudicat
237 826 375 896 extemplo
393 826 537 893 pinnarum
555 825 631 880 nisus
647 827 735 882 inanis

84 902 114 954 et
131 917 262 956 conamen
278 903 419 971 utrimque
435 902 540 956 alarum
558 902 684 973 proditur
700 910 787 958 onina'
899 923 935 960 aa

83 975 130 1030 hic
147 976 195 1030 ubi
211 978 299 1032 nixari
317 982 455 1048 nequeunt
472 979 655 1047 insistereque
672 979 730 1046 alis,

77 1052 188 1122 scilicet
205 1054 233 1107 in
250 1057 353 1109 terram
372 1055 463 1111 delabi
480 1056 603 1125 pondere
621 1055 694 1124 cogit

83 1131 188 1196 natura,
207 1133 237 1184 et
253 1146 369 1185 vacuum
385 1147 471 1199 prope
487 1132 541 1185 iam
558 1148 608 1200 per
625 1131 705 1186 inane
722 1131 843 1190 iacentes

82 1203 245 1274 dispergunt
262 1205 366 1259 animas
382 1221 433 1272 per
450 1206 540 1259 caulas
557 1208 676 1274 corporis
694 1208 788 1264 omnis

493 1298 514 1332 ’l‘

79 1354 206 1423 frigidior
223 1370 306 1425 porro
322 1355 351 1410 in
367 1356 460 1426 puteis
477 1359 583 1410 aestate
600 1355 633 1408 iit
650 1373 736 1423 umor,
895 1376 932 1413 err

80 1431 196 1486 rarescit
213 1431 277 1500 quia
293 1435 370 1486 terra
386 1431 476 1489 calore
493 1434 523 1486 et
541 1431 645 1484 semine
662 1432 755 1499 siquae
774 1481 781 1494 ,

79 1508 152 1562 forte
169 1508 277 1576 vaporis
294 1507 378 1562 habet
395 1507 504 1576 proprii,
523 1506 640 1560 dimittit
657 1506 685 1558 in
703 1522 791 1562 auras.

80 1600 135 1652 quo
152 1584 240 1651 magis
258 1587 301 1640 est
318 1584 403 1653 igitur
418 1583 502 1638 'tellru
519 1582 602 1637 clieta
619 1583 716 1651 calore,

80 1659 116 1712 fit
130 1676 238 1729 quoque
255 1660 383 1729 frigidior
401 1660 448 1730 qui
465 1660 494 1714 in
511 1661 614 1714 terrast
632 1658 743 1713 abditus
760 1674 844 1715 umor.

78 1734 182 1804 frigore
199 1752 260 1791 cum
277 1737 413 1807 premitur
429 1753 511 1807 porro
530 1736 617 1790 omnis
635 1739 710 1790 terra
727 1736 837 1806 coitque
892 1753 928 1792 se

78 1813 108 1865 ct
126 1812 203 1879 quasi
220 1815 377 1881 concrescit,
395 1813 428 1867 fit
446 1813 551 1867 scilicet
568 1815 600 1866 ut
618 1811 739 1865 coeundo

78 1889 215 1956 exprimat
230 1889 259 1942 in
276 1889 417 1958 puteossi
434 1904 517 1955 quem
533 1887 607 1954 gerit
623 1888 682 1953 ipsa
699 1887 823 1941 calorem.

112 1965 181 2019 Esse
198 1964 273 2032 apud
292 1962 454 2016 Hammonis
470 1963 564 2014 fanum
580 1960 642 2013 fons
658 1961 719 2013 luce
736 1960 835 2015 diurna

74 2038 190 2106 frigidus
207 2041 238 2093 et
255 2037 358 2091 calidus
376 2040 508 2090 nocturno
524 2038 650 2103 tempore
667 2035 763 2090 fertur.

75 2113 148 2169 hunc
165 2113 288 2168 homines
304 2113 407 2166 fontem
425 2111 505 2164 nimis
522 2110 692 2164 admirantur
710 2114 739 2166 ct
756 2111 812 2166 acri
888 2125 925 2164 seo

75 2189 132 2242 sole
149 2192 250 2258 putant
267 2191 363 2257 supter
380 2190 469 2242 terras
484 2188 636 2241 fervescere
653 2187 761 2256 raptim,

74 2279 129 2317 nox
146 2264 195 2317 nbi
212 2263 330 2318 terribili
347 2267 436 2318 terras
454 2262 666 2390 caliginxexit.

75 2338 148 2405 quod
165 2338 246 2392 nimis
263 2355 281 2392 a
297 2340 390 2393 verast
406 2338 486 2405 lenge
504 2337 557 2392 rati
594 2353 610 2390 c
626 2338 770 2391 remotum.

74 2414 176 2483 quippe
193 2413 241 2467 ubi
258 2414 298 2468 sol
316 2412 420 2467 nudum
437 2415 611 2468 contractans
628 2429 727 2482 corpus
744 2413 824 2482 aquai

73 2507 126 2543 non
144 2489 245 2559 quierit
262 2489 380 2544 calidum
398 2506 497 2560 supera
514 2490 550 2544 de
567 2488 684 2544 reddere
701 2492 789 2560 parte,
886 2505 921 2540 ezr,

73 2582 134 2620 cum
153 2582 281 2635 superum
299 2566 390 2620 lumen
408 2570 486 2620 tanto
504 2566 610 2621 fervore
627 2565 743 2635 fruatur,

72 2641 120 2710 qui
137 2644 221 2711 queat
237 2641 282 2696 hio
301 2645 397 2712 supter
414 2645 472 2696 tam
489 2657 581 2695 crasso
599 2657 711 2710 corpore
729 2643 832 2696 terram

72 2732 240 2787 persequere
256 2732 380 2771 umorem
398 2720 427 2772 ct
445 2716 533 2771 calido
551 2715 653 2771 satiare
669 2717 788 2787 vaporet

70 2793 232 2862 praesertim
249 2809 312 2848 eum
328 2792 375 2848 vix
391 2793 479 2863 possit
494 2810 545 2863 pcr
562 2797 658 2864 saepta
675 2792 818 2848 domorum

69 2869 208 2923 insinuare
226 2885 304 2924 suum
322 2868 407 2924 radiis
423 2870 585 2925 ardentibus
602 2872 715 2924 aestum.
883 2885 919 2920 err

71 2961 140 3014 quae
157 2945 257 3001 ratiost
273 2945 377 3015 igiturl
395 2947 522 3000 nimirum
539 2950 615 3002 terra
632 2944 719 3014 magis
735 2943 810 3012 quod

71 3037 133 3074 rara
149 3024 229 3092 tepet
245 3023 349 3079 circum
366 3023 470 3079 fontem
488 3040 570 3093 quem
588 3025 681 3077 cetera
697 3020 783 3075 tellus

67 3095 208 3167 multaque
225 3103 291 3158 sunt
307 3099 382 3173 ignis
399 3117 491 3174 prope
507 3100 618 3157 sordine
632 3110 740 3164 corpus
752 3092 854 3178 ruw-

60 3171 113 3225 boc
130 3173 179 3228 ubi
196 3179 327 3240 roriferis
343 3184 458 3240 terrani
474 3197 536 3236 uon
555 3174 659 3232 obruit
670 3167 806 3224 umbffls
