2040 3426
109 223 196 292 qualis
212 222 257 276 hic
274 224 324 289 est,
342 221 421 275 avido
438 215 580 290 complexu
597 239 679 289 quem
694 225 773 279 tenet
791 225 895 290 aether.

145 301 292 353 Praeterea
308 314 369 353 eum
386 296 515 351 materies
533 300 577 352 est
593 299 679 353 multa
695 303 799 368 parata,

109 393 170 429 oum
188 375 262 429 loeus
279 378 322 429 est
338 376 449 442 praesto
466 390 516 428 nee
533 390 578 428 res
595 390 645 429 nee
663 391 744 430 eausa
760 381 884 431 moratur

108 452 171 518 ulla,
188 450 247 520 geri
266 450 369 504 debent
385 448 513 503 nimirum
530 452 560 503 et
576 449 687 504 confieri
704 468 756 505 res.

109 544 180 582 nune
198 530 228 581 et
244 524 392 580 seminibus
410 525 433 579 si
450 528 529 580 tanta
545 529 588 579 est
605 525 683 594 eopia
699 530 828 594 quantmu
917 543 965 582 mro

110 618 270 657 enumerare
287 604 364 656 aetas
381 601 549 656 animantum
566 617 620 654 non
638 605 722 671 queat
738 603 832 670 omnis,

110 679 202 745 visque
220 677 316 732 eadem
333 684 365 732 ot
376 681 475 735 natura
491 681 584 732 manet
601 693 671 746 quae
689 678 793 732 semina
809 696 901 733 rerum

110 754 234 808 conicere
251 753 281 807 in
297 754 356 808 loea
373 770 496 822 quaeque
513 755 596 822 queat
613 753 694 807 simili
712 754 818 808 ratione

111 833 194 898 abluo
211 829 264 884 hue
282 833 346 883 sunt
363 829 492 896 coniecta,
510 845 621 884 neeesse
638 833 681 884 est
698 830 846 884 confiteare

112 922 172 958 osse
189 905 255 959 alios
272 906 331 959 aliis
348 909 485 959 terrarum
503 905 530 958 in
548 905 672 973 partibus
689 905 763 960 orbis
872 959 875 963 ,
919 921 966 960 0000

110 983 139 1034 et
156 981 244 1035 varias
261 981 399 1035 homiuum
416 981 508 1048 gentis
526 985 555 1036 et
573 981 661 1036 saecla
678 982 805 1037 ferarum.

147 1057 210 1111 llue
227 1057 335 1112 aceedit
351 1060 384 1110 ut
400 1057 429 1109 in
446 1073 552 1110 summa
569 1052 614 1111 res
632 1058 707 1112 nulla
723 1057 760 1111 sit
776 1075 838 1125 000,

110 1132 189 1187 unica
206 1150 276 1202 quae
294 1134 421 1201 gignatur
439 1137 469 1188 et
485 1135 564 1187 miioa
582 1135 692 1202 solaque
709 1138 820 1202 creseat,

110 1209 174 1277 quin
192 1210 316 1278 aliquoiu'
336 1209 388 1263 siet
406 1209 487 1263 saecli
503 1208 692 1278 permultaque
709 1209 805 1263 eodem

111 1286 166 1339 sint
182 1301 290 1353 genere.
307 1285 336 1337 in
353 1285 448 1353 primis
465 1284 631 1350 animalibus,
649 1285 751 1338 inclute
769 1285 890 1349 Memmi,
916 1297 965 1338 1000

109 1361 232 1415 iuvenies
250 1361 288 1414 sie
305 1361 490 1426 montivagum
508 1375 594 1426 genus
612 1375 672 1413 esse
689 1361 815 1423 semrom,

110 1437 149 1490 sie
166 1437 304 1490 hominum
321 1436 441 1504 genitum
458 1436 572 1504 prolem,
589 1434 628 1488 sio
645 1434 762 1503 denique
778 1440 868 1490 mutas

111 1512 310 1580 squamigerum
328 1510 446 1579 pecudes
464 1514 494 1565 et
511 1527 626 1580 corpora
642 1518 740 1565 cuneta
757 1511 901 1566 volantmn.

111 1591 278 1657 quapropter
295 1587 398 1641 caelum
416 1586 496 1640 simili
512 1587 618 1641 rationo
635 1587 803 1643 fatendumst

111 1666 266 1732 terramque
278 1666 307 1717 et
318 1662 403 1717 solem
414 1663 505 1716 lunam
517 1679 600 1731 mare,
612 1667 705 1718 cetera
716 1672 786 1732 quw
798 1667 869 1728 sunt,
916 1677 965 1719 mee

109 1756 163 1793 non
181 1755 240 1793 esse
256 1739 343 1806 unica,
361 1738 411 1792 sed
428 1755 540 1793 numero
557 1740 644 1808 magis
660 1741 836 1805 innumerali;

109 1813 329 1883 quandoquidem
346 1815 419 1868 vitae
436 1814 569 1883 depactus
587 1815 726 1870 terminus
739 1816 795 1870 alte
860 1858 866 1867 .

110 1894 168 1944 tam
186 1893 278 1944 manet
295 1889 363 1944 haee
380 1893 483 1944 ettam
501 1891 593 1944 nativo
610 1907 723 1960 corpore
740 1895 872 1953 constant,

111 1983 192 2034 quam
205 1982 291 2034 genus
303 1982 383 2019 omne
395 1967 468 2032 quod
480 1966 523 2019 hio
535 1968 712 2032 generatimst
724 1967 806 2020 rebus
816 1966 964 2020 abundans.

146 2043 221 2107 Quae
238 2041 307 2095 bene
325 2041 433 2108 cognita
451 2041 473 2094 si
491 2044 591 2104 teneas,
609 2045 708 2095 natura
724 2041 832 2096 videtur
918 2057 965 2096 loeo

109 2118 196 2171 libera
213 2117 341 2171 continuo
359 2115 476 2169 dominis
492 2114 600 2183 privata
617 2117 740 2185 superbis

109 2194 169 2262 ipsa
187 2208 303 2261 suaper
321 2208 350 2245 se
368 2196 465 2259 sponte
483 2191 572 2244 omma
589 2192 631 2245 dis
648 2208 730 2259 agere
747 2209 853 2260 expers.

109 2285 173 2321 nam
191 2283 241 2336 pro
260 2270 354 2320 saneta
372 2267 454 2319 deum
472 2266 619 2333 tranquilla
636 2270 748 2336 pectora
764 2284 832 2338 pace

110 2361 180 2412 quae
198 2342 335 2412 placidum
353 2341 458 2410 degunt
475 2358 569 2396 aevom
587 2343 725 2412 vitamque
742 2361 874 2411 serenam,

110 2419 171 2487 qius
183 2434 280 2486 regere
291 2417 415 2472 immensi
427 2435 566 2487 summam,
579 2420 639 2488 quis
650 2419 750 2475 habere
761 2421 890 2490 profundi
917 2435 965 2476 1oa5

108 2495 176 2548 indu
193 2511 276 2547 manu
293 2493 396 2548 validas
414 2496 486 2564 potis
503 2499 547 2549 est
564 2496 737 2552 moderanter
754 2497 882 2566 habenas,

110 2571 170 2637 quis
188 2570 292 2639 pariter
309 2570 397 2624 caelos
415 2571 502 2625 omnis
520 2576 679 2628 convertere
697 2576 727 2628 et
743 2575 830 2628 omnis

108 2645 215 2713 ignibus
232 2645 361 2700 aetheriis
378 2651 467 2701 terras
486 2650 576 2704 suffire
594 2651 698 2716 feraeis,

110 2721 233 2774 omnibus
251 2723 312 2775 inve
328 2722 394 2776 loeis
412 2739 471 2777 esse
489 2725 561 2778 omni
578 2729 703 2796 tempore
720 2727 837 2793 praesto,

109 2796 225 2851 nubibus
243 2800 275 2850 ut
292 2797 419 2851 tenebras
436 2799 518 2853 faeiat
535 2801 655 2871 caelique
673 2816 769 2854 serena
918 2815 966 2854 noo

110 2873 247 2926 concutiat
265 2874 362 2939 sonitu,
380 2876 439 2926 tum
456 2874 569 2928 fulmina
585 2878 679 2930 mittat
695 2879 725 2929 et
742 2874 818 2928 aedis

111 2964 192 3016 saepe
210 2964 273 3001 siuas
290 2947 428 3017 disturbet
445 2952 475 3002 et
492 2950 525 3003 ia
543 2951 653 3005 deserta
670 2950 804 3006 recedens

111 3023 213 3076 saeviat
230 3039 361 3078 exercens
378 3023 466 3080 telum
485 3026 564 3105 guod
579 3044 667 3099 saeuo
680 3029 824 3082 noeentes

100 3099 237 3164 praebeat
256 3102 456 3178 exanimatque
474 3105 614 3178 indignos
630 3106 725 3175 indue
740 3092 918 3156 nieuenteel

87 3242 104 3283 8
127 3170 279 3245 Mumqufl
298 3186 366 3250 pest
386 3186 494 3242 mundi
512 3190 640 3260 temnus
660 3179 797 3254 genitale
815 3167 968 3222 dierum&
