2040 3426
476 65 512 102 111

63 201 198 251 deducere
215 202 318 264 scn'psi.
355 199 543 248 hschmennus
560 209 658 261 perum
671 208 816 251 numerose
827 213 922 264 quun·

64 283 127 332 tum
138 284 177 332 cet
188 277 222 331 in
233 294 261 332 ec
272 278 405 332 dcersum
416 278 524 333 ducere.

115 367 166 416 219
202 360 390 415 2222222222
406 377 517 414 summo
533 361 661 428 eddidit3
685 362 785 417 melius
801 363 922 434 Berusy-

63 447 120 500 sius
138 445 214 500 cccli.
232 447 265 500 cf.
285 445 340 501 Cic.
356 447 435 500 Aret.
446 449 497 505 297
511 446 555 501 ed,
576 447 657 502 Buhl.
670 464 783 503 summo
801 449 873 505 coeli
886 452 932 515 ds

63 532 171 586 vertice.

116 622 166 672 249
194 633 257 673 cum
268 616 407 673 veteribus
423 624 498 672 recte
509 617 611 672 addidi.
628 617 817 674 Lachmennus
830 621 919 678 nulle.

63 704 188 757 ceterum
204 710 281 758 recta
292 703 407 772 replens
420 702 465 758 hic
482 703 582 758 Latine
594 702 648 757 dici
665 720 720 758 nen
739 703 820 774 pe'sse
836 722 921 775 segre

64 787 130 842 milri
150 788 300 856 persuadet
318 788 360 842 vir
379 787 516 856 egregius.
533 787 566 842 cf.
585 786 644 843 Liv.
656 803 707 842 xxn
719 794 751 844 31
765 806 825 843 uec
842 797 920 846 recte

64 876 177 942 replens
189 875 246 928 iter
257 874 394 941 instituit,
405 875 454 928 scd
463 874 504 928 ad
512 874 621 928 luccam
630 910 637 926 .
647 873 765 941 ..flexit

116 964 167 1013 250
201 976 253 1031 pro
279 969 345 1009 susle
367 959 464 1028 scripsi
490 959 524 1013 de
551 975 585 1013 sc.
608 958 799 1014 Lachmannus
822 964 919 1016 centro

60 1049 186 1110 praeiet
197 1061 248 1115 pre
260 1055 364 1098 Possm

116 1135 167 1184 252
201 1134 266 1200 post
289 1131 504 1186 noricorum
524 1127 666 1183 veteribus
684 1146 796 1199 semper
815 1129 918 1185 addidi.

65 1217 253 1271 Lachmaunus
264 1234 319 1273 nen
329 1217 400 1272 bene
411 1221 505 1270 exacte
517 1213 657 1269 meritur.

115 1306 166 1362 267
202 1308 341 1361 corrector
357 1303 467 1373 oblongi
479 1303 509 1357 et
526 1300 587 1355 Nic.
604 1299 641 1354 de
659 1301 762 1357 Nicolis
775 1300 917 1369 conquiri.

64 1389 242 1446 membranae
255 1395 284 1446 et
296 1391 488 1446 Lachmannus
500 1396 631 1442 eeucml.

119 1482 168 1530 291
205 1479 269 1545 post
281 1476 365 1544 quasi
376 1473 473 1529 addidi
484 1475 534 1528 tec
540 1492 554 1539 ,·
573 1472 763 1528 Lachmannus
775 1471 814 1527 id.

116 1565 167 1615 305
203 1567 286 1615 cetra
300 1559 405 1616 excidit
421 1562 485 1629 post
502 1564 549 1613 cst.
584 1557 774 1613 Lachmennus
792 1573 917 1612 cereum
943 1558 946 1563 '

63 1645 91 1699 in
106 1645 160 1699 fine
183 1661 279 1700 versus
296 1645 397 1715 posuit.
418 1644 452 1700 cf.
469 1663 487 1698 v
503 1649 553 1700 361
571 1645 602 1698 et
618 1658 630 1697 1
648 1647 707 1710 963,
728 1645 757 1697 et
774 1658 835 1697 222
852 1641 916 1712 phil.

64 1730 143 1785 Cant.
154 1746 166 1785 1
179 1747 207 1800 p.
221 1733 281 1788 375.

114 1818 166 1870 342
201 1832 252 1886 pro
264 1827 416 1869 22222222
427 1815 524 1884 scripsi
538 1817 669 1884 praestet
677 1800 749 1880 rem,
760 1811 812 1866 hoe
824 1816 875 1879 est,
887 1813 917 1867 id

63 1901 138 1970 quod
154 1900 216 1956 dieo
232 1917 328 1956 verum
345 1917 405 1956 esse
422 1900 573 1956 confirmet.
607 1896 797 1953 Lechmennus
812 1904 918 1963 pac-tce

63 1987 159 2055 ciunt,
172 1985 248 2057 quod
259 1986 419 2056 intellegere
431 2001 545 2054 nequeo.

114 2079 166 2130 359
200 2087 252 2143 pre
277 2082 438 2125 Ansn'mus
461 2069 527 2126 dedi
549 2068 692 2125 2129121222.
726 2065 917 2120 Lachmannus

63 2162 218 2220 adsiducie.
254 2166 259 2175 ’

115 2254 166 2306 363
200 2265 252 2320 pro
270 2258 402 2301 2221222
420 2245 516 2316 scripsi
539 2250 692 2314 sumptam.
727 2240 917 2296 Lachmannus

62 2332 176 2387 solitam
182 2351 195 2398 ,·
213 2332 263 2387 sed
274 2349 371 2386 vaccae
382 2348 449 2386 curs
459 2331 553 2400 petius
565 2329 681 2385 insolito
693 2331 743 2383 est.

80 2406 86 2427 ¹
115 2419 174 2475 387.
210 2414 300 2469 ethic
316 2415 346 2468 et
358 2427 389 2467 v1
401 2419 451 2468 909
467 2429 518 2483 pre
535 2425 629 2465 omes
641 2411 832 2466 Lechmauuus
844 2414 917 2463 ertu

115 2504 166 2554 428
201 2495 265 2552 huic
287 2496 380 2552 versui
403 2492 516 2565 quilque,
541 2495 593 2549 hoc
616 2495 660 2548 est
684 2492 793 2562 angelli,
813 2491 917 2546 addidi.

64 2583 254 2638 Lachmeunus
266 2595 396 2649 quaeque.
433 2582 579 2649 praetereo
590 2579 619 2633 in
630 2576 763 2649 proximo,
775 2575 917 2646 flagitante

64 2670 194 2727 erationis
208 2669 354 2735 structura,
368 2666 481 2736 possint
499 2666 595 2735 scripsi
614 2681 677 2721 cum
696 2662 820 2732 oblongo,
837 2661 917 2717 Italis

64 2762 93 2813 et
112 2760 206 2815 codice
235 2754 405 2828 Sangullensi
426 2754 592 2810 scholiorum
613 2754 643 2808 in
661 2750 828 2820 Iuvenalem,
847 2752 880 2804 ut
900 2765 917 2804 s

65 2843 230 2899 heclrmanni
242 2860 337 2900 conrm.
348 2860 376 2914 p.
388 2847 441 2899 298
453 2840 546 2896 didici.
582 2840 607 2895 is
615 2843 743 2909 possunt.

115 2934 167 2984 438
202 2929 394 2985 Lachmannus
412 2929 480 2985 mihi
498 2928 556 2985 felli
574 2927 686 2984 videtur
703 2924 753 2995 qui
765 2929 855 2999 etque*
866 2937 917 2999 pro

64 3027 126 3069 222
141 3016 210 3085 legit
223 3019 254 3071 et
268 3016 333 3070 hinc
349 3032 447 3071 novam
465 3016 562 3086 incipit
577 3011 750 3081 sententium.
785 3003 917 3066 lee‘cum

53 3102 101 3159 -cd
113 3102 187 3159 lunt.
204 3119 257 3172 qecc
269 3104 316 3172 (q.)
327 3105 392 3173 pest
401 3103 581 3170 confundunt
592 3099 695 3157 addidi.
