2040 3426
73 122 111 176 9³2
461 119 533 175 IIII

53 221 158 274 multa
176 222 287 288 minuta,
306 221 357 274 ieci
375 237 445 289 quae
462 223 568 291 possint
585 222 680 276 ordino
698 223 794 277 codem

70 314 126 366 quo
143 297 246 351 fuerint
263 301 293 352 et
309 298 407 351 formai
425 314 535 352 servare
552 299 674 368 figuram,

70 377 101 427 et
118 373 206 428 multo
224 374 311 441 citius,
330 377 434 442 quanto
452 373 542 428 minus
558 374 716 444 indupediri
897 388 922 430 ro

70 466 158 518 pauca
175 453 279 517 queunt
296 453 326 504 et
344 453 408 503 sunt
426 450 459 503 in
476 450 564 518 prima
581 450 783 505 fronteslocata.

70 542 134 578 unm
153 529 229 580 certe
246 527 335 580 iacere
352 542 385 580 ac
402 525 496 593 largiri
513 525 601 580 multa
618 526 749 593 videmus,

71 617 124 655 non
141 601 228 655 solum
246 619 280 656 ex
297 601 353 656 alto
371 601 544 671 penitusque,
561 605 593 656 ut
611 601 731 656 diximus
748 605 821 669 ante,

70 694 166 732 verum
184 677 219 732 de
237 678 349 731 summis
365 679 455 746 ipsum
473 694 580 746 quoquc
598 694 680 747 saepe
693 677 821 732 colorem.

72 755 102 808 et
119 753 197 822 volgo
214 753 318 807 faciunt
335 753 364 806 id
383 754 457 808 lutee
474 770 606 823 russaque
624 753 684 808 vele
898 767 923 808 rs

71 832 102 883 et
118 829 264 897 ferrugine,
283 847 345 883 eum
363 829 467 898 magnis
485 830 592 884 intenta
609 829 726 884 theatris

72 922 122 973 per
139 905 224 959 malos
241 905 350 973 volgata
366 905 512 974 trabesque
530 905 678 960 trementia
695 905 800 958 flutant.

72 997 189 1049 namque
206 981 244 1034 ibi
261 996 415 1035 consessum
434 981 525 1035 caveai
538 978 640 1050 ⁴supter
658 985 687 1035 et
704 978 811 1034 omnem

73 1057 179 1110 scaenai
197 1057 323 1126 speciem,
341 1060 452 1126 patrum
469 1060 632 1126 coetumque
650 1057 780 1111 decorum

71 1132 197 1186 inficiunt
213 1136 367 1200 cogumtque
386 1130 559 1187 suo'fluitarc
577 1133 676 1187 colore.
898 1145 924 1185 so

73 1212 103 1262 et
120 1211 222 1277 quanto
239 1209 340 1263 circum
358 1225 438 1277 muge
456 1211 520 1262 sunt
536 1208 640 1262 inclusa
657 1208 761 1263 theatri

73 1284 215 1352 moenibu’,
232 1287 290 1338 tam
307 1285 394 1352 magis
411 1284 478 1340 he'ec
496 1285 570 1338 intus
587 1285 699 1353 perfusa
714 1283 809 1353 lepore

73 1360 163 1413 omnia
180 1361 323 1415 conrident
341 1365 467 1430 correpta
484 1361 544 1414 luce
563 1360 624 1414 diei.

72 1453 138 1504 crgo
155 1436 239 1491 lintea
257 1437 292 1490 de
310 1454 415 1491 summo
433 1453 495 1490 cum
513 1453 626 1505 corpore
643 1437 735 1491 lucum

73 1514 194 1580 mittunt,
213 1513 316 1581 effigias
334 1529 442 1582 quoque
461 1512 564 1566 debent
581 1513 692 1568 mittere
710 1513 799 1567 tenvis
899 1521 943 1567 ss'

73 1605 119 1642 res
137 1605 267 1657 quaeque,
286 1605 320 1642 ex
338 1605 443 1641 summo
461 1588 587 1655 quoniam
605 1587 758 1643 iaculantur
775 1592 901 1656 utraque.

74 1668 139 1718 suut
156 1664 240 1732 igitur
257 1664 311 1717 iam
329 1665 476 1717 fomrarum
496 1663 611 1730 vestigia
629 1669 706 1718 certa

73 1757 144 1808 quae
162 1739 240 1808 volgo
258 1739 373 1794 volitant
391 1740 484 1808 suptili
501 1739 630 1808 praedita
647 1739 694 1793 filo

73 1833 124 1869 nec
142 1815 299 1884 singillatim
316 1819 431 1884 possunt
448 1819 556 1869 secreta
574 1815 669 1870 videri.

74 1896 218 1961 praeterea
235 1892 321 1945 omnis
339 1891 407 1945 odor
423 1891 513 1945 fumus
531 1907 615 1960 vapor
633 1895 718 1960 atque
735 1891 804 1946 alise
821 1908 866 1946 res
901 1905 925 1947 eo

73 1968 226 2022 consimiles
243 1967 308 2022 idco
324 1967 437 2022 diffusae
455 1985 470 2022 e
488 1967 571 2022 rebus
587 1967 735 2036 abundant,

74 2061 110 2097 cx
128 2044 183 2099 alto
202 2045 265 2114 quia
282 2044 347 2097 dum
366 2045 479 2098 veniunt
496 2044 660 2098 intrinsecus
678 2045 764 2108 ortae,

75 2121 236 2174 scinduntur
254 2137 304 2190 per
322 2119 375 2173 iter
393 2120 503 2189 flexum,
521 2137 572 2173 nec
589 2123 666 2174 recta
682 2117 787 2172 viarum

75 2197 147 2250 ostia
164 2201 228 2251 suut
245 2213 300 2265 qua
317 2196 486 2251 contendant
504 2196 580 2249 exire
597 2197 713 2268 coortae.

76 2277 105 2325 at
123 2276 218 2327 contra
236 2274 326 2327 tenuis
345 2272 443 2326 summi
461 2270 619 2325 membrana
637 2271 735 2325 eoloris
904 2287 929 2326 se

73 2367 135 2403 cum
153 2350 258 2416 iacitur,
277 2349 314 2402 nil
333 2354 375 2403 est
393 2348 466 2417 quod
484 2364 545 2400 eanr
563 2348 717 2416 discerpere
735 2347 829 2416 possit,

76 2426 103 2477 in
121 2431 252 2493 promptu
269 2425 395 2493 quoniam
413 2426 457 2476 cst
474 2423 500 2474 in
519 2424 607 2492 prima
624 2423 715 2477 fronte
731 2423 826 2478 locata

76 2503 215 2569 postremo
235 2499 351 2570 speculis
369 2499 396 2551 in
415 2515 488 2568 aque
505 2498 705 2568 splendoreque
717 2499 745 2552 in
763 2501 836 2553 omni

77 2590 263 2644 quaecumque
282 2578 416 2644 apparent
433 2573 510 2627 nobis
529 2573 681 2642 simulacra,
700 2580 846 2643 necessest,

76 2649 297 2722 <qnandoquidem
316 2650 396 2703 simili
414 2651 504 2720 specie
521 2655 585 2706 sunt
603 2652 730 2722 praedita
746 2654 838 2704 rerum
893 2665 931 2706 roo

76 2726 192 2793 extimo,
210 2726 372 2795 imaginibus
390 2729 480 2782 missis
498 2729 645 2783 consistere
663 2744 762 2781 rerum.

77 2817 131 2850 ΝΛΜ
141 2817 189 2850 CUR
199 2818 256 2850 ILLA
266 2818 363 2852 CADANT
373 2820 449 2852 MAGIS
458 2821 491 2853 AB
502 2819 629 2858 REBUSQUE
640 2817 767 2851 sensnm

77 2884 131 2915 Nan
142 2884 207 2922 QUAE
218 2885 312 2919 ranla
322 2888 384 2936 §UNT
394 2888 534 2920 HISCENDIS'I'
544 2887 626 2919 NULLA
639 2887 752 2919 POTESTAS

77 2954 142 3005 sunt
159 2952 242 3021 igitur
259 2957 357 3009 tenues
374 2955 477 3008 formae
495 2947 594 3007 rerum'
605 2950 761 3017 similesque

61 3027 180 3096 effigias,
199 3031 363 3101 siugilletim
382 3047 453 3102 quas
471 3045 584 3086 cernere
600 3043 679 3082 nomo
893 3037 941 3082 105·

44 3111 113 3181 013111
128 3107 228 3170 possit
248 3113 354 3180 tamen,
374 3109 499 3166 adsiduo
517 3107 675 3174 crebroque
690 3101 809 3171 repulsu

26 3177 163 3233 reiectae
178 3185 319 3245 reddunt
337 3189 530 3262 speculorum
554 3202 594 3242 ex
610 3195 739 3251 aequore
754 3176 861 3237 usum
