2040 3426
71 218 102 268 et
119 214 217 280 quibus
234 212 280 268 ille
297 213 386 267 modis
403 219 563 282 congressus
580 216 705 270 materiai

70 289 195 343 fundarit
212 291 315 343 terram
331 289 436 344 eaelum
454 306 530 344 mare
547 290 637 345 sidera
655 292 739 345 solem

70 367 200 435 lunaique
215 365 342 434 globum3
358 368 419 420 tum
436 383 507 436 quae
524 366 624 421 tellure
641 367 792 422 animantes
820 397 822 402 ·

71 442 223 510 extiterint,
240 445 270 496 et
288 458 359 512 quae
375 442 449 496 nullo
467 443 522 497 sint
538 446 663 512 tempore
680 445 778 507 natae;
866 443 872 451 '
896 458 921 499 ro

71 534 160 587 quove
176 518 258 573 modo
275 535 362 586 genus
379 519 527 573 humanum
545 520 668 573 variante
684 518 803 586 loquella

71 595 193 664 eoeperit
209 596 282 648 inter
299 611 329 648 se
346 595 418 649 vesei
436 611 487 665 per
504 595 614 649 uomina
631 611 738 660 1·erum;

70 674 101 724 et
117 670 217 739 quibus
232 671 278 724 ille
295 670 385 724 modis
403 670 494 724 divom
510 673 601 725 metus
618 670 762 724 insinuarit

70 753 192 814 pectora,
209 750 345 800 terrarum
362 747 409 815 qui
426 747 454 800 in
472 747 531 800 orbi
550 751 644 802 saneta
661 750 756 801 tuetur

69 823 133 875 fana
150 822 225 875 lacus
242 822 317 876 lucos
334 839 396 876 aras
413 823 609 893 simulacraque
627 823 726 877 divom.

70 901 216 967 praeterea
233 898 296 951 eolis
314 915 409 952 cursus
426 899 560 967 lunaeque
578 903 684 953 meatus

70 973 217 1043 expediam
234 989 289 1043 qua
305 974 333 1028 vi
349 975 445 1028 flectat
461 979 561 1029 natura
578 975 750 1043 gubemans3

70 1066 106 1103 ne
123 1050 196 1103 forte
212 1050 279 1104 haee
296 1051 368 1104 inter
384 1051 488 1106 eaelum
505 1056 662 1120 terramque
680 1067 790 1105 reamur

69 1125 157 1180 libera
175 1129 273 1195 sponte
291 1143 340 1180 sua
357 1143 451 1180 cursus
469 1127 586 1181 lustrare
604 1127 732 1196 perennis

69 1201 206 1269 morigera
224 1203 260 1254 ad
276 1203 369 1270 fruges
387 1203 525 1270 erigendos
543 1209 626 1271 atque
644 1203 788 1256 animantis
897 1217 922 1254 eo

69 1293 140 1331 neve
157 1277 248 1344 aliqua
266 1278 357 1332 divom
375 1278 446 1330 volvi
464 1279 568 1330 ratione
585 1283 720 1347 putemus.

70 1369 135 1407 nam
152 1353 222 1407 bone
240 1353 287 1422 qui
305 1353 425 1407 didicero
444 1353 510 1406 deos
528 1369 651 1406 securum
669 1369 751 1420 agore
768 1368 871 1422 aevom,

70 1428 95 1482 si
112 1431 204 1484 tamen
222 1429 328 1483 interea
346 1429 480 1482 mirantur
497 1445 551 1496 qua
568 1429 673 1482 ratione

71 1521 196 1573 quaeque
212 1505 272 1573 geri
290 1505 405 1575 possint,
424 1505 586 1574 praesertim
604 1505 686 1558 rebus
704 1504 732 1558 in
749 1505 803 1558 illis

71 1597 143 1650 quae
161 1597 261 1651 supera
278 1586 361 1651 eaput
378 1581 508 1636 aetheriis
525 1586 672 1635 cernuntur
689 1582 716 1634 in
735 1582 799 1649 oris,
898 1595 923 1632 st

70 1673 167 1711 rursus
183 1656 212 1710 in
230 1658 355 1726 antiquas
372 1659 530 1712 referuntur
547 1658 690 1726 religiones

71 1737 102 1787 et
121 1732 244 1787 dominos
261 1733 332 1787 aeris
349 1733 511 1804 adsciscunt,
529 1735 618 1788 omnia
635 1751 715 1803 posse

72 1826 142 1878 quos
159 1809 251 1863 miseri
269 1810 392 1877 eredunt,
409 1811 497 1878 ignari
515 1811 582 1878 quid
599 1813 681 1880 queat
699 1827 766 1879 esse,

72 1885 141 1954 quid
158 1888 284 1954 nequeat,
303 1886 381 1938 finita
397 1890 521 1954 potestas
540 1886 658 1954 denique
675 1887 772 1953 cuique

72 1977 191 2028 quanam
209 1961 246 2015 sit
264 1962 369 2014 ratione
387 1968 469 2027 atque
487 1962 543 2014 alto
560 1964 694 2014 terminus
710 1962 833 2016 haerens.
899 1977 923 2014 ao

102 2037 189 2101 Quod
207 2040 340 2105 superest,
357 2052 392 2088 ne
410 2039 439 2088 te
456 2037 484 2087 in
503 2035 641 2104 promissis
658 2037 737 2103 plura
754 2052 898 2104 moremur,

71 2113 206 2183 principio
224 2111 309 2165 maria
327 2127 359 2165 ae
376 2115 465 2164 terras
483 2110 641 2178 caelumque
659 2115 751 2174 tuere;

71 2205 187 2257 quorum
205 2192 331 2242 naturam
349 2188 493 2256 triplicem,
511 2187 565 2240 tria
583 2202 705 2256 corpora,
724 2188 846 2258 Memmi,

71 2264 124 2317 tris
142 2265 245 2332 speeies
263 2269 320 2318 tarn
339 2264 485 2331 dissimilis,
502 2263 557 2317 tria
574 2262 641 2316 talia
658 2265 743 2328 texta,

70 2355 127 2392 una
144 2340 203 2394 dies
221 2341 300 2395 dabit
317 2340 413 2406 exitiq'
427 2339 582 2408 multosque
599 2354 649 2408 per
667 2355 752 2392 annos
899 2355 922 2392 os

72 2419 227 2470 sustentata
245 2421 307 2471 ruet
324 2416 415 2483 moles⁴
427 2421 457 2470 et
475 2416 599 2470 maehina
616 2416 718 2470 mundi.
773 2440 776 2445 ·

71 2507 124 2547 neo
141 2508 186 2545 rue
204 2494 286 2546 animi
303 2493 473 2562 fallitquam
492 2510 536 2548 res
554 2496 624 2548 nova
641 2494 764 2562 miraque
781 2492 866 2546 menti

72 2567 180 2621 aecidat
198 2570 310 2623 exitium
329 2570 398 2625 caeli
416 2575 561 2640 terraeque
579 2572 708 2640 loturum,

73 2648 104 2696 ot
121 2660 203 2711 quam
222 2645 330 2699 difficile
347 2647 378 2703 io
394 2647 461 2700 mihi
480 2648 521 2703 sit,
533 2648 692 2716 pervincere
709 2647 806 2712 dietis;

72 2723 105 2773 ut
123 2719 156 2772 lit
173 2720 221 2774 ubi
237 2720 374 2775 insolitam
391 2738 451 2776 rem
468 2723 600 2792 adportes
618 2723 729 2776 auribus
746 2725 811 2776 ante
889 2737 926 2776 loo

72 2811 124 2849 noe
142 2799 235 2849 tamen
253 2796 322 2850 hane
339 2797 427 2866 possis
445 2799 584 2852 oculorum
602 2798 720 2852 subdere
736 2797 797 2850 visu

72 2887 125 2924 noe
142 2871 231 2925 iacere
248 2873 315 2926 indu
332 2888 435 2939 manue,
453 2873 497 2926 via
514 2891 568 2941 qua
585 2875 689 2926 munita
705 2873 787 2926 fidei*

72 2948 199 3017 proxima
215 2949 270 3003 fort
287 2950 435 3003 humanum
452 2947 481 3000 in
499 2951 596 3018 peetus
613 2949 771 3018 templaque
788 2951 896 3005 mentis.

72 3022 125 3078 sed
142 3027 234 3078 tamen
252 3025 361 3079 effabor.
379 3024 461 3078 dietis
479 3025 558 3080 dabit
574 3025 638 3095 ipsa
652 3024 746 3078 iissre
756 3040 812 3077 res

69 3100 184 3154 forsitan
202 3104 232 3155 et
247 3102 372 3171 graviter
389 3105 536 3160 terrarum
551 3102 685 3159 motious
700 3099 779 3153 ortis
930 3097 976 3128 Ἣ)

61 3176 154 3230 omnia
171 3182 351 3248 conquassari
370 3182 402 3239 in
419 3199 516 3256 parre
535 3187 679 3253 tempore
697 3185 817 3230 serueu-
