2040 3426
91 121 149 179 118
476 107 553 172 llll

87 222 249 292 protrahere
266 221 294 274 in
311 221 399 275 lucem
417 223 501 288 atquc
518 220 605 273 omnis
623 217 759 288 inquirere
777 219 851 276 risus

80 301 124 366 et,
143 299 164 352 si
181 297 253 351 bello
271 297 387 351 animost
405 301 434 351 et
451 313 504 350 non
523 296 758 364 odiosa,sicissin1
901 313 948 354 nso

87 374 311 443 praetermittere
328 380 355 428 et
372 373 496 426 humanis
513 372 663 428 concedere
680 372 770 427 rebus

123 450 183 504 Nec
200 451 298 502 mulier
316 466 424 518 semper
443 450 506 502 licto
524 449 644 518 suspirat
661 464 754 502 amoro

88 542 158 595 quae
175 526 308 595 conplexa
325 526 376 579 viri
392 541 491 594 corpus
508 541 570 578 cum
589 540 701 591 corpore
718 524 809 593 iungit

88 606 118 657 et
135 605 213 657 tenet
230 602 351 656 adsuctis
367 607 509 654 umectans
526 601 617 654 oscula
634 599 725 654 labris.

88 695 152 732 nam
169 678 236 733 iacit
255 696 288 732 ex
307 679 397 732 animo
414 694 496 746 saepe
514 680 542 731 ct
560 677 712 730 communia
729 693 865 745 quaerens
900 693 948 734 noe

88 755 190 822 gaudia
208 756 336 810 sollicitat
354 755 471 824 spatium
490 753 636 807 decurrere
653 754 761 807 amoris.

89 847 139 884 nec
157 832 262 886 ratione
280 831 333 884 alia
350 831 472 883 volucres
490 833 614 882 armenta
629 829 761 897 feraeque

89 911 119 960 et
136 907 256 976 pecudes
274 911 302 960 ct
320 923 406 974 cquae
425 905 545 958 maribus
563 903 706 959 subsidere
722 908 844 973 possent,

89 983 112 1035 si
128 999 189 1050 non,
206 983 265 1051 ipsa
283 983 355 1050 quod
373 982 480 1035 illarum
498 981 579 1034 subut
596 980 677 1034 ardet
694 980 837 1036 abundans

90 1062 188 1112 natura
199 1063 235 1112 ‘et
253 1059 388 1113 Venerem
407 1059 551 1111 salientum
569 1057 642 1110 laeta
658 1060 799 1112 retractat.
901 1071 948 1111 lau
978 1099 981 1106 ,

89 1151 177 1187 nonne
194 1135 271 1188 uides
288 1135 370 1187 etiam
389 1150 456 1202 quos
473 1137 568 1186 mutua
586 1150 668 1202 saepe
684 1134 810 1203 voluptas
919 1145 921 1150 '

89 1210 183 1277 vinxit,
200 1215 233 1264 ut
250 1211 277 1263 in
295 1211 391 1263 vinclis
409 1210 596 1263 communibus
613 1210 823 1264 excrucientur?

89 1287 117 1340 iu
135 1287 223 1341 triviis
241 1304 322 1355 quam
342 1303 423 1355 saepe
441 1303 528 1354 canes,
546 1285 689 1338 discedere
707 1286 819 1352 eventis,

41 1361 192 1415 nic-divorsi
210 1362 309 1430 cupide
327 1362 439 1414 sunnnis
457 1378 490 1414 ex
510 1361 605 1414 viribu’
621 1360 746 1426 tendunt,

41 1463 83 1494 roos
92 1456 172 1507 quom
185 1439 290 1492 interea
302 1437 398 1490 validis
413 1438 527 1490 Veneris
539 1437 713 1505 compagibus
725 1435 855 1491 haerent!
902 1451 949 1491 moa

92 1514 166 1582 quod
184 1515 305 1568 iacerent
324 1529 471 1580 numquam
488 1513 540 1566 nisi
558 1515 653 1566 mutua
670 1511 771 1579 gaudia
788 1517 903 1567 nossent

93 1606 163 1658 quae
181 1590 270 1642 iacere
287 1589 315 1641 in
333 1587 456 1641 fraudem
475 1592 588 1656 possent
604 1587 762 1656 vinctosque
780 1590 884 1642 tenere

93 1667 177 1732 quare
189 1664 272 1717 etiam
284 1666 367 1730 atquc
380 1664 471 1728 etiam,
484 1668 515 1717 ut
528 1663 595 1729 (lico,
608 1667 652 1717 est
664 1663 807 1717 commuui'
817 1663 949 1733 voluptas

127 1741 164 1794 lit
181 1738 380 1793 conunisccndo
398 1756 479 1806 quom
499 1740 601 1792 semiue
619 1740 691 1793 iorte
709 1738 779 1792 virili

42 1829 84 1862 1⁹⁰⁹
92 1816 192 1870 semina
209 1815 262 1869 vim
281 1815 346 1868 vicit
364 1814 454 1867 subita
471 1815 497 1866 vi
515 1814 709 1884 corripuitque,
844 1816 848 1820 ’
900 1828 951 1871 1210

92 1895 151 1946 tum
170 1892 270 1946 similes
288 1895 405 1944 matrum
424 1897 547 1944 materno
565 1890 668 1944 semine
685 1891 762 1958 fiunt,

92 1971 123 2022 ut
141 1968 264 2037 patribus
282 1968 377 2036 patrio.
396 1966 445 2020 sed
464 1983 531 2035 quus
549 1967 692 2034 utriusque
709 1966 813 2034 figurae

93 2061 152 2098 esse
170 2044 253 2110 vides,
271 2044 368 2096 iuxtim
387 2044 531 2097 miscentes
548 2042 624 2095 vulta
641 2047 796 2110 parentum,

93 2136 205 2189 corpore
223 2120 259 2173 de
276 2119 365 2188 patrio
383 2122 412 2172 ct
430 2123 553 2172 materno
571 2118 702 2186 sanguine
719 2123 854 2186 creseunt,

93 2196 195 2249 semina
212 2213 273 2249 cum
294 2195 408 2247 Veneris
426 2194 541 2247 stimulis
558 2194 648 2247 exeita
664 2210 715 2264 per
732 2196 810 2247 artus
902 2210 951 2249 1215

93 2271 172 2325 obuia
189 2271 311 2324 conflixit
328 2271 483 2339 conspirans
500 2273 611 2322 mutuus
628 2271 718 2336 ardor,

93 2350 122 2399 ct
139 2363 229 2414 nequo
246 2351 339 2399 utrum
358 2346 495 2413 superavit
515 2361 608 2398 coruum
626 2362 676 2399 nec
695 2349 891 2414 superatumst.
958 2364 962 2371 ’

94 2423 125 2474 ut
143 2437 252 2488 quoquo
270 2423 302 2472 ut
319 2421 457 2473 interdmn
475 2421 577 2473 similes
595 2420 715 2474 existere
732 2437 844 2474 avorum

93 2497 198 2564 possint
215 2499 245 2548 et
262 2496 384 2548 referant
401 2512 562 2563 proavorum
581 2512 663 2564 saepe
680 2496 781 2564 figuras

93 2574 240 2641 propterea
257 2571 321 2639 quia
338 2570 424 2624 multa
441 2571 529 2625 modis
546 2572 696 2640 primordia
712 2571 805 2625 multis
904 2587 952 2626 imo

94 2648 178 2702 urixta
196 2663 245 2701 suo
262 2646 353 2700 celant
369 2646 397 2700 in
415 2663 528 2716 corpore
547 2663 628 2717 saepo
645 2649 775 2718 parentis,

93 2742 163 2794 quae
180 2723 306 2794 patribus
323 2727 417 2793 patres
435 2724 548 2778 tradunt
566 2724 601 2777 ab
620 2725 705 2792 stirpe
722 2723 863 2794 profecta3

93 2802 157 2854 inde
175 2802 269 2855 Venus
287 2801 361 2853 varia
378 2800 505 2871 producit
524 2806 598 2854 sorte
616 2801 718 2867 figuras

94 2878 279 2946 rusiorumque
297 2877 383 2931 refert
401 2877 489 2930 soltus
508 2893 641 2945 vocesque
658 2881 819 2943 comasque;

94 2952 313 3020 quandoquidem
331 2953 386 3005 nilo
403 2953 489 3019 magis
508 2952 626 3007 llaec-de
643 2955 746 3006 semino
764 2955 840 3004 corto
905 2966 953 3006 122⁵

84 3027 157 3078 siunt
174 3044 257 3096 quam
274 3029 360 3084 facies
378 3032 409 3084 et
427 3044 543 3098 corpora
559 3027 737 3094 urrembreque
754 3025 842 3086 nobis

54 3106 102 3150 et
116 3102 261 3159 muliebre
278 3107 373 3164 oritur
390 3108 487 3179 patrio
508 3105 545 3160 do
563 3104 671 3159 semine
688 3102 811 3154 saeclum

49 3177 252 3247 maternoque
269 3199 370 3241 maros
391 3185 531 3242 existunt
547 3195 672 3249 corporo
690 3175 774 3229 eneti
