2040 3426
85 120 139 176 luo
486 110 532 166 VI

80 221 218 291 extemplo
234 219 344 289 penitus
360 217 484 286 frigescit
500 220 576 272 terra
592 217 708 284 coitque.
833 242 835 246 ·
896 229 969 272 scs.

80 301 131 352 hac
148 297 255 351 ratione
272 297 305 351 fit
322 299 361 365 ut,
379 299 519 363 tamquam
537 309 694 370 compressa
710 309 792 346 manu
809 292 854 359 sit,

80 375 217 444 exprimat
229 374 256 426 in
268 373 372 426 sontem
382 387 451 440 quae
464 370 566 424 semina
578 385 695 444 cumque
706 369 791 424 habet
802 369 882 438 ignis,

79 467 149 520 quae
167 449 283 503 calidum
302 448 404 500 farciunt
422 451 510 514 aquae
527 449 632 500 tactum
650 448 734 515 atquo
751 463 884 516 saporem.

80 526 144 580 inde
161 525 209 578 ubi
228 525 267 578 sol
285 524 370 576 radiis
387 522 623 590 torramdimovit
640 522 753 576 obortus

81 607 110 655 ct
127 601 257 655 rorefecit
275 600 363 653 calido
380 599 513 667 gliscente
531 615 639 667 vapore,
896 612 934 653 oro

80 694 174 731 rursus
191 677 220 730 in
237 677 362 743 antiquas
380 675 498 728 redeunt
515 674 666 744 primordia
682 675 765 730 sedes

80 754 151 820 ignis
168 757 198 808 et
215 753 243 806 in
261 756 364 806 terram
383 751 458 806 cedit
475 751 548 805 calor
565 750 653 803 omnis
671 752 758 818 aquai,

81 829 194 896 l‘rigidus
211 828 280 881 hanc
299 829 335 882 ob
353 845 412 882 rem
429 827 462 880 fit
479 828 539 880 fons
556 827 585 879 in
602 827 662 880 luce
681 827 785 880 diurna.

81 908 226 973 practerea
243 905 306 958 solis
325 904 409 958 radiis
426 905 544 957 iactatur
561 904 642 972 aquai

81 996 160 1033 unior
177 982 207 1033 ct
224 979 253 1032 in
270 980 358 1033 lucem
376 979 494 1034 tremulo
512 980 628 1033 rarescit
645 979 680 1032 ab
697 983 791 1045 aestu3
896 993 934 1036 875

81 1059 227 1124 propterca
244 1056 277 1109 fit
293 1056 336 1109 uti
354 1071 424 1123 quae
442 1054 545 1108 semina
562 1071 679 1124 cumque
695 1057 778 1110 lrabet
795 1056 867 1124 ignis

81 1131 219 1195 dimittat;
237 1131 314 1198 quasi
332 1147 414 1199 saepe
430 1130 529 1198 gelum,
547 1130 622 1199 quod
638 1133 761 1187 continet
777 1133 806 1185 iu
824 1149 863 1200 sc,

82 1207 167 1260 mittit
185 1209 214 1260 et
232 1206 334 1260 exolvit
352 1207 625 1276 glaciemnodosque
642 1208 756 1262 relaxat.

116 1282 245 1350 Frigidus
263 1287 306 1338 est
323 1284 407 1337 etiam
424 1283 492 1350 lons,
510 1300 594 1352 supra
610 1301 691 1353 quem
710 1285 764 1339 sita
781 1301 863 1354 saepo

81 1361 181 1427 stuppa
198 1359 264 1413 iacit
281 1360 417 1413 flammam
435 1363 567 1426 concepte
584 1360 710 1429 protinus
726 1361 791 1428 igni,
897 1375 935 1413 sse

82 1435 216 1503 taedaque
234 1436 366 1489 consimili
383 1437 490 1490 ratione
506 1451 620 1490 accensa
636 1453 687 1505 per
703 1437 795 1490 undas

81 1510 212 1578 conlucet,
231 1528 401 1580 quocumque
418 1508 518 1565 natans
532 1512 682 1580 impellitur
699 1513 779 1567 auris.

83 1585 208 1639 nimirum
227 1588 291 1654 quia
308 1587 419 1640 suntin
436 1603 508 1654 aqua
525 1589 663 1656 permulta
680 1589 790 1656 vaporis

82 1660 185 1712 semina
202 1661 238 1713 dc
255 1665 386 1727 terraque
402 1667 541 1716 necessest
556 1662 681 1717 funditus
698 1666 758 1733 ipsa

83 1735 152 1801 ignis
170 1752 284 1804 corpora
301 1752 352 1803 per
370 1740 460 1789 totum
479 1753 644 1805 consurgere
662 1741 766 1794 iontem
895 1755 933 1795 999

84 1816 111 1862 ot
130 1810 208 1865 simul
227 1812 369 1880 exspirare
386 1811 460 1864 foras
478 1813 607 1882 exireque
625 1815 653 1867 in
671 1833 758 1881 aurae,

83 1905 134 1939 non
152 1887 192 1940 ita
209 1888 297 1941 multa
314 1890 414 1957 tamen,
432 1888 536 1942 calidus
555 1894 638 1958 queat
657 1896 688 1945 ut
706 1892 766 1944 ficri
783 1892 853 1959 fons,

83 1966 229 2031 propterea
246 1964 369 2032 dispersa
387 1965 458 2018 foras
476 1982 621 2033 erumpere
639 1967 713 2034 cogit

82 2039 123 2092 vis
141 2055 191 2107 por
208 2057 306 2108 aquam
325 2040 416 2094 subito
435 2058 596 2109 smsrunque
614 2058 649 2095 ea
664 2043 805 2095 conciliari.

84 2115 157 2182 quod
168 2132 254 2184 genus
267 2117 338 2169 endo
350 2119 446 2169 marist
460 2117 548 2170 Aradi
558 2118 625 2184 fons,
638 2117 726 2172 dulcis
737 2120 817 2187 aquai
898 2135 936 2174 999

83 2192 129 2258 qui
147 2193 228 2245 scat't
246 2196 275 2246 et
293 2193 377 2246 salsas
394 2193 494 2246 circum
512 2210 544 2246 se
560 2193 681 2248 dimovet
698 2195 800 2260 uudas;

83 2271 112 2320 ct
130 2268 223 2321 multis
241 2268 302 2321 aliis
319 2270 437 2337 praet*
451 2269 607 2336 regionibus
625 2286 728 2338 aequor

83 2342 231 2397 utilitatem
250 2349 430 2413 opportunam
449 2346 597 2400 sitientibu’
614 2346 713 2413 nautis,

84 2418 157 2484 quod
175 2418 262 2473 dulcis
279 2421 351 2474 inter
370 2422 453 2475 salsas
472 2422 630 2477 intervomit
647 2421 741 2476 undas

83 2494 121 2546 sic
138 2494 223 2561 igitur
239 2512 289 2561 per
306 2512 369 2550 curn
385 2502 499 2566 possunt
518 2514 661 2566 erumpere
680 2498 784 2551 fontem
898 2514 936 2552 sos

83 2573 112 2622 ct
130 2573 235 2623 scatere
253 2571 299 2623 illa
316 2572 388 2626 foras
406 2574 433 2626 in
452 2577 580 2642 stuppam
598 2574 715 2638 semina,
733 2591 785 2641 quo
804 2591 865 2626 curu

83 2647 245 2701 conveniunt
262 2652 310 2702 aut
328 2649 356 2701 in
373 2650 465 2703 taedai
484 2665 596 2718 corpore
614 2649 771 2714 adhaerent,

82 2722 230 2777 ardescunt
247 2725 326 2778 facilc
344 2724 490 2795 extemplo,
510 2727 574 2794 quia
590 2725 677 2780 multa
695 2742 803 2793 quoquc
822 2725 849 2777 in
869 2743 900 2783 se

82 2798 186 2852 semina
202 2799 307 2854 habent
324 2803 394 2870 ignis
414 2807 529 2872 stuppae
547 2801 700 2871 taedaeque
717 2801 834 2855 latentis.

82 2889 170 2926 nenne
188 2876 265 2929 vides
283 2879 374 2944 etiam,
394 2882 527 2932 nocturna
545 2878 582 2931 ad
598 2878 701 2932 lumina
718 2878 804 2931 linum
898 2893 938 2933 oce

80 2963 169 3015 nuper
186 2951 232 3004 ubi
252 2955 405 3008 extinctum
424 2955 575 3023 admoveas,
592 2954 735 3009 accendier
753 2957 817 3007 antc

62 3038 149 3084 (lirim
169 3029 268 3096 tetigit
283 3031 438 3104 dammam,
456 3031 626 3102 taedamque
641 3030 706 3101 pari
718 3031 843 3084 ratione?

42 3096 195 3178 faustaque
209 3113 373 3174 praeterea
392 3113 478 3185 prius
498 3112 562 3183 ipso
580 3111 662 3164 tacta
677 3122 784 3176 vapore

37 3176 142 3226 'Wmle
158 3182 334 3245 ardescunt
352 3209 446 3262 quam
468 3188 639 3246 comminus
655 3182 771 3236 inrlnvat
784 3179 869 3241 iatum.
