2040 3426
11 17 705 47 r'

434 92 519 156 xxviii,

103 233 160 293 182,
187 240 238 297 pro
262 239 400 280 3331333
424 239 500 279 n1v1s
523 225 618 295 scripsi
642 226 718 282 dicia
739 226 899 285 homiuum.

51 313 240 368 Lachmannus
251 310 405 365 hominum
416 311 467 366 dia.

103 406 152 454 201
188 415 239 467 pro
262 412 373 451 nvrnnn
397 398 493 466 scripsi
516 397 618 452 uaidaa‘.
653 398 758 453 librarii
780 388 911 474 primum?

51 485 172 551 cuidam,
195 482 296 537 deinde
319 483 436 538 uvidum
458 483 590 538 fecerunt
626 483 791 554 Bernaysius
808 487 900 542 uuida.

52 569 240 624 Lachmannus
251 567 388 635 aliquam

103 660 155 710 312
188 669 238 723 pre
263 656 392 721 comupto
414 651 546 706 librorum
567 651 724 717 Quanam
753 668 901 709 sacrosan

51 752 221 799 smrcnnenn
249 751 405 791 snunscnan
428 750 535 813 canusa
557 736 652 805 scripsi
674 737 807 806 Aeraque
830 757 900 808 pro-

48 839 138 890 porro
162 823 339 892 solidamque
357 837 492 876 tanewara
504 823 633 888 serrum.
666 823 764 878 credas
782 841 847 879 vero
865 841 900 878 en

52 912 111 976 338,
130 909 220 976 quiin
240 908 347 974 dentre¹
358 908 496 977 archetypi
515 897 615 977 pagina
630 909 692 975 fuit,
711 909 764 963 huc
784 908 900 963 inlatum

53 994 242 1049 Lucretianam
263 1010 357 1048 vocem
371 995 496 1060 sermm
519 993 631 1049 eiecisse
649 992 770 1047 videtur.
789 993 822 1048 cf.
840 1010 900 1046 ann.

51 1080 121 1149 phil.
134 1080 212 1134 Cant.
224 1095 237 1134 1
248 1097 273 1148 p.
286 1083 336 1138 373
349 1083 378 1134 et
389 1095 418 1134 1v
429 1096 456 1150 p.
468 1085 526 1135 142.
548 1080 736 1135 Lachmannus
748 1079 900 1133 mirabilem

52 1162 123 1218 hunc
142 1180 251 1218 versum
269 1164 388 1234 extudit,
401 1165 478 1230 Quas
487 1166 555 1231 scra
567 1181 714 1234 proporro
731 1164 901 1231 vetitumque

52 1251 301 1305 acacaccracraduc.

105 1339 155 1388 349
190 1333 341 1388 necessario
364 1333 537 1388 scribendum
560 1349 622 1387 cum
644 1333 693 1387 Pio
714 1337 744 1388 et
762 1332 901 1387 veteribus

53 1420 149 1474 iudan.
178 1420 223 1474 hic
238 1436 347 1489 quoque
364 1419 553 1474 Lachmannus
570 1434 642 1472 1333
659 1418 792 1472 librorum
810 1436 901 1474 serva·

53 1505 100 1561 vit.

104 1597 154 1645 409
174 1594 203 1645 et
223 1597 274 1646 410
309 1589 499 1643 Lachmannus
517 1588 588 1641 miro
608 1605 700 1642 errore
720 1588 835 1644 invertit
846 1610 854 1657 ;
870 1592 900 1645 et

53 1682 104 1730 410
115 1692 165 1744 pro
176 1690 233 1728 nun
244 1674 352 1742 scripsit
364 1680 396 1728 et.

104 1767 154 1816 430
189 1760 252 1815 libri
277 1774 370 1813 33303.
405 1757 595 1812 Lachmannus
616 1774 733 1828 semper,
754 1760 828 1828 quod
850 1761 900 1814 mi-

53 1849 126 1901 nime
137 1845 319 1901 necessarium
331 1847 380 1899 est.

105 1939 163 2000 460,
175 1936 227 1985 463
261 1929 412 1983 rectissime
431 1945 460 1982 30
478 1926 562 1982 habet
579 1929 710 1984 librorum
727 1946 899 1988 vmnnus...

54 2018 249 2075 Exanimem.
280 2013 469 2068 Lachmannus
486 2012 553 2067 satis
570 2013 701 2069 audacter
718 2015 899 2074 videatur...

53 2101 179 2155 Eculeus
190 2097 334 2153 scribendo
345 2096 400 2151 vim
411 2096 562 2151 sententiae
574 2098 716 2152 imminuit.
792 2161 795 2167 Ι

104 2191 155 2242 485
189 2202 239 2255 pro
259 2199 297 2238 aa
314 2198 417 2239 mulus
434 2198 548 2237 313333
567 2183 662 2254 scripsi
677 2185 717 2238 ud
736 2184 843 2240 limina
865 2185 899 2238 a'ra

53 2279 161 2328 unum.
198 2270 326 2326 librarius
348 2269 457 2325 litteras
480 2269 533 2323 a'au
553 2269 597 2323 bis
618 2269 738 2325 scribere
760 2270 900 2339 neglexit3

53 2355 160 2422 deinde,
171 2360 204 2410 ut
214 2357 353 2409 constaret
370 2370 470 2423 versus,
481 2369 532 2422 pro
544 2368 623 2408 33011
641 2355 764 2408 exaravit
779 2361 899 2422 partam.

55 2439 243 2493 Lachmannus
260 2445 386 2491 extrema
404 2454 423 2490 a
441 2437 548 2490 limiai'
567 2444 663 2505 partu,
683 2441 757 2506 qued
778 2454 839 2491 cum
860 2453 900 2490 sc-

53 2523 148 2592 quenti
160 2538 241 2576 versu
253 2521 400 2590 compingit.

104 2613 155 2663 503
190 2606 323 2676 libremrn
334 2622 408 2661 nnnc
420 2607 531 2662 servavi
564 2605 752 2660 Lachmannus
763 2605 817 2660 nic.

105 2701 156 2750 513
172 2711 231 2764 sqq.
250 2694 423 2748 3330100331
443 2694 630 2748 Lachmannus
647 2692 716 2747 mire
731 2691 896 2761 depravavit.

53 2788 103 2837 513
120 2798 171 2850 pro
188 2796 284 2835 30333
302 2782 410 2851 scripsit
430 2781 577 2844 deorsum
596 2785 647 2834 515
663 2795 720 2835 sur
736 2780 852 2834 mutavit
869 2780 897 2832 in

52 2868 137 2934 tiam
157 2874 186 2924 et
198 2875 250 2924 514
261 2869 430 2938 ineptissime
441 2870 504 2937 pust
515 2871 565 2923 516
579 2866 727 2922 transtulit.
757 2866 898 2920 sanissima

54 2956 143 3008 omnia
153 2972 204 3010 nec
216 2957 361 3026 quicquam
373 2956 541 3010 mutandum.

104 3048 154 3095 524
189 3041 253 3095 libri
264 3057 365 3097 303313
376 3044 453 3096 rectu
464 3057 536 3096 casn
565 3040 754 3096 Lachmannus
766 3039 883 3094 neentis.

85 3130 139 3176 53]
169 3124 295 3192 prodr
310 3143 350 3182 m·
373 3143 451 3183 3330
471 3125 667 3183 harthmannus
689 3124 739 3177 sict
763 3124 839 3174 truce.
857 3121 912 3170 330
