2040 3426
485 100 533 154 xiii

78 248 81 255 ¹
135 232 193 283 453.
228 222 492 298 prorsustsentior
509 229 641 285 lambino
658 229 729 285 hunc
746 231 931 293 6666666161-

81 314 145 369 enti.
181 313 371 374 Lachmannus
387 331 437 384 pro
449 326 529 374 QUOD
546 317 656 386 scripsit
670 335 732 371 cum
750 317 789 372 M.
809 318 932 388 Hauptio

81 399 170 466 quasi.
197 400 220 452 si
233 399 268 453 de
279 399 384 469 liquido
395 417 530 470 papavere
541 402 585 456 hic
597 403 696 471 agitur,
708 403 877 472 ineptissima
888 408 931 460 est

82 486 233 551 sententis;
250 486 292 539 sin
304 490 396 541 autem
408 487 444 543 de
456 489 550 556 solido,
562 489 637 543 falsa.

112 576 282 626 -460-463.
319 572 417 627 dehis
438 573 562 629 versibus
582 574 720 644 disputavi
741 576 769 629 in
787 592 848 630 ann.
865 575 931 644 phil.

82 655 160 710 Cant.
181 671 193 710 1
216 673 244 726 p.
267 662 309 712 39.
344 656 373 710 in
394 673 505 713 versum
525 665 576 714 466
601 671 681 711 saxa
700 676 735 714 ex
758 664 809 719 447
830 660 930 714 malum

81 741 181 810 podem
209 743 336 798 attulisse
365 743 482 800 videtur.
530 745 596 799 olim
626 746 801 800 scribendum
829 747 931 801 conieci

74 829 181 896 fauces,
206 828 280 897 quod
303 831 561 892 66616661666666
589 831 656 887 satis
685 833 760 887 facit.
783 833 931 887 Lachman-

82 929 133 967 nus
144 930 204 968 rosc.
223 919 275 969 462
286 915 414 971 facillima
422 917 613 972 emendatione
621 934 671 986 pro
683 928 823 970 6666666
835 917 931 987 scripsi

81 997 230 1052 66161666.
256 998 446 1055 Lachmannus
457 1001 486 1054 in
498 1007 548 1056 461
561 1017 612 1070 pro
624 1013 761 1054 6166666
772 1001 842 1070 legit
853 1018 931 1056 6666-

82 1090 179 1137 namt
191 1087 220 1139 et
231 1084 260 1138 in
272 1084 324 1141 462
335 1087 384 1141 ced
393 1104 500 1142 rarum
511 1103 562 1157 pro
574 1100 723 1144 6666666.

134 1175 185 1224 465
197 1185 247 1238 pro
258 1184 354 1227 66666
370 1175 467 1243 scripsi
480 1175 584 1230 1665646.
603 1174 794 1229 Lachmannus
805 1173 930 1240 16666646·

83 1255 157 1325 quod
168 1256 260 1311 verius
272 1260 354 1326 putat
366 1274 449 1326 quam
460 1257 575 1327 periisse
588 1274 704 1313 versum.

135 1346 186 1402 467
209 1342 272 1398 libri
295 1353 346 1394 nsr
361 1353 380 1395 6
394 1353 520 1394 666666
533 1354 631 1402 arcon
650 1355 797 1398 6666666.
832 1345 931 1400 horum

83 1430 275 1488 rocabrdorum
292 1432 400 1500 partem
418 1431 495 1484 corto
511 1445 527 1483 6
544 1429 728 1497 praecedente
746 1446 828 1484 versu
845 1429 931 1500 irrep

82 1516 148 1570 sisse
172 1517 294 1584 apparet.
331 1515 521 1570 Lachmannus
545 1514 604 1582 Eat,
625 1520 651 1568 ct
675 1514 773 1568 1666766
791 1520 860 1568 cont
877 1515 931 1569 oli-

84 1601 165 1655 unde.
202 1599 365 1668 Bernaysius
377 1599 436 1668 Eat,
454 1605 480 1653 ct
490 1599 623 1666 66661466
634 1606 701 1654 suat
713 1599 779 1654 illis.
809 1603 930 1665 66666]-

82 1685 391 1757 praemonstrando
408 1684 521 1754 quidem
536 1686 722 1740 necessarium
738 1685 864 1752 videtum
881 1685 931 1740 sod

82 1771 270 1826 ‘mirationem
281 1771 386 1825 faciunt
402 1770 463 1824 illa‘
480 1785 601 1838 corpora
619 1770 731 1839 doloris,
748 1771 799 1825 hoc
811 1774 862 1838 est,
874 1788 930 1826 cor-

82 1873 150 1924 pora
168 1873 239 1925 quae
256 1856 360 1910 faciunt
381 1855 510 1910 dolorem.
546 1872 632 1931 quaro
650 1871 761 1910 versum
782 1856 820 1909 sic
839 1855 930 1925 potius

83 1940 205 2009 supplevi
217 1940 276 2009 Est,
288 1946 314 1994 et
324 1939 456 2007 66661166
468 1940 561 1994 multa
571 1946 677 1994 creant.

134 2027 280 2083 471-477.
325 2024 470 2080 emendata
495 2024 713 2093 interpunctione
736 2025 931 2094 geminataque

82 2127 136 2164 una
147 2110 269 2165 litterula
281 2109 341 2180 (pro
352 2121 411 2170 660
422 2121 515 2162 maere
531 2109 627 2178 scripsi
642 2125 727 2176 quma
745 2110 846 2176 moqic)
859 2109 931 2164 hunc

83 2196 179 2261 locum,
190 2195 242 2249 nisi
254 2196 341 2264 fallor,
353 2195 486 2265 expediri
521 2193 717 2260 Lachmannus
729 2197 779 2252 476
796 2197 861 2249 ante
878 2196 930 2252 474

83 2279 219 2346 collocato,
241 2279 332 2334 effecit
353 2282 447 2334 tamen
470 2277 644 2333 durissimam
664 2279 795 2334 orationis
812 2282 931 2335 structu-

82 2380 149 2418 ram.
586 2377 589 2381 ’

133 2455 184 2504 483
206 2465 257 2518 pro
289 2462 349 2510 666
370 2463 405 2504 in
435 2450 531 2519 scripsi
562 2450 706 2519 quoniam.
740 2451 929 2507 Lachmannus

82 2534 214 2602 Namque
226 2535 321 2589 cadem
333 2535 429 2591 unica.
448 2536 481 2590 cf.
494 2552 555 2590 ann.
567 2535 632 2605 phil.
645 2536 725 2592 Cant.
739 2551 751 2590 1
762 2554 788 2606 p.
801 2543 844 2592 32.

134 2620 201 2675 Post
224 2627 273 2676 501
298 2626 366 2691 puto
389 2621 546 2676 huiusmodi
565 2622 738 2676 intercidisse
762 2639 872 2678 versum
890 2624 929 2679 Et

81 2722 150 2772 quos
163 2695 311 2761 ostendunt
329 2707 361 2760 in
379 2707 445 2760 colis
460 2707 641 2763 6666616666.
671 2713 721 2761 502
739 2706 929 2763 Lachmannns

81 2791 190 2860 Aureo,
198 2809 230 2860 p.
243 2809 268 2846 r.
282 2792 397 2845 imitato
408 2794 425 2846 l.

133 2881 183 2936 517
196 2895 246 2947 pro
258 2890 351 2930 onnrs
366 2889 445 2929 6666
457 2877 522 2932 dodi
534 2878 654 2932 Earinus
664 2877 749 2934 caim.
779 2877 928 2933 Lachman-

81 2978 133 3016 nus
145 2963 244 3018 Ambit
257 2963 342 3017 onim.
378 2964 502 3016 ceterum
518 2967 569 3015 515
588 2960 755 3017 Lachmanni
770 2962 827 3018 iter
841 2979 929 3030 66666

80 3064 130 3117 pro
151 3061 314 3112 66666666
333 3064 387 3104 666
408 3047 556 3104 admodum
580 3047 885 3117 616666666666666
899 3045 950 3092 dxx

81 3134 419 3206 meliusaffcrropossum.
890 3159 893 3163 ·
