2040 3426
480 123 511 179 V
858 124 915 182 153

64 242 117 282 neo
134 225 223 280 minus
240 229 354 293 argento
371 225 461 279 facere
478 225 546 278 hace
563 241 683 294 auroque
700 226 836 296 parabant

64 319 148 371 quam
166 301 250 356 validi
268 302 386 369 primum
403 300 530 353 violentis
547 300 649 354 viribus
667 303 745 368 aeris,
868 315 916 357 1270

62 378 237 448 nequiquam,
257 376 383 444 quoniam
401 375 518 429 cedebat
536 377 609 431 victa
626 381 748 445 potestas

63 471 114 509 nec
130 456 241 523 poterat
259 452 363 520 pariter
381 451 481 506 durum
500 453 614 506 sufferre
632 452 759 506 laborem.

64 533 124 584 tum
142 528 194 582 fuit
212 528 240 581 in
257 528 346 596 pretio
364 530 450 596 magis
468 545 513 582 aas
531 544 681 597 aurumque
697 527 804 583 iacebat

64 610 177 674 proptor
194 604 372 658 inutilitatem
389 604 484 658 hebeti
502 619 631 657 mucrone
648 607 779 657 retusum.

65 680 844 748 nunciacetaes,auruminsummumsuccessithonorem.
867 695 916 735 1275

64 757 104 811 sic
121 755 255 811 volvenda
270 759 346 810 aetas
364 760 514 810 commutat
531 759 656 824 tempora
673 772 773 809 rerum.

64 832 140 900 quod
157 832 217 886 fuit
227 831 255 885 in
272 833 369 901 pretio,
387 833 420 886 fit
437 832 511 885 nullo
529 832 647 899 denique
665 832 781 896 honore;

64 925 147 978 porro
164 909 232 962 aliut
250 909 419 963 succedit‘et
436 925 450 962 a
467 908 667 977 contemptibus
685 908 744 962 exit

64 987 148 1052 inque
165 984 225 1038 dies
241 985 329 1053 magis
346 985 487 1054 adpetitur
504 985 638 1054 floretque
655 986 796 1053 repertum

64 1060 191 1114 laudibus
209 1064 239 1115 et
256 1063 324 1115 miro
341 1067 384 1116 est
402 1062 523 1116 mortalia
539 1063 611 1116 inter
628 1061 738 1117 honore.
799 1084 801 1094 ·
867 1073 916 1113 raso

101 1137 128 1190 N
129 1153 182 1191 unc
198 1137 250 1191 tibi
267 1155 321 1206 quo
337 1141 418 1206 pacto
435 1139 501 1191 ferri
519 1142 617 1192 natura
635 1141 744 1206 reperta

65 1214 103 1266 sit
119 1212 227 1267 facilest
245 1215 296 1283 ipsi
313 1230 364 1282 per
380 1218 409 1268 te
426 1230 595 1282 cognoscere,
614 1214 735 1267 Memmi.

65 1304 141 1342 arma
159 1289 273 1358 antiqua
289 1305 385 1342 manus
403 1305 508 1356 ungues
527 1289 678 1357 dentesque
696 1288 806 1341 fuerunt

65 1367 95 1417 et
112 1363 219 1433 lapides
236 1369 265 1418 et
282 1365 348 1418 item
366 1364 495 1418 silvarum
513 1364 646 1431 fragmina
664 1363 740 1430 rami,

65 1440 207 1494 etflamma
216 1436 852 1510 atqueignes,postquamsuntcognitaprimum.
868 1449 916 1488 1111

64 1516 201 1584 posterius
218 1516 284 1569 ferri
302 1517 403 1570 visast
421 1517 547 1586 aerisque
566 1519 682 1585 reperta.

65 1595 94 1646 ct
111 1592 188 1660 prior
205 1592 277 1646 aeris
295 1596 355 1647 erat
372 1609 453 1661 quam
472 1592 539 1646 ferri
557 1592 682 1660 cognitus
699 1605 773 1658 usus,

65 1685 120 1737 quo
137 1667 223 1721 facilis
240 1669 326 1736 magis
344 1672 387 1721 111
405 1671 504 1722 natura
521 1672 550 1722 11
568 1669 647 1738 copia
664 1668 757 1721 maior.

64 1760 130 1798 aere
148 1744 234 1797 solum
252 1748 344 1798 terrae
361 1745 525 1813 tractabant,
542 1761 660 1813 aereque
678 1744 742 1798 belii

65 1819 217 1874 miscebant
234 1821 333 1874 fluctus
351 1824 380 1874 11
398 1821 511 1874 vulnera
529 1824 607 1875 vasta
625 1821 752 1873 serebant
868 1833 917 1871 mor

66 1898 96 1948 et
113 1911 195 1964 pecus
213 1899 298 1964 atque
315 1912 395 1963 agros
413 1895 577 1949 adimebant.
594 1913 657 1948 nam
676 1893 832 1954 faciloollis

65 1971 156 2024 omnia
174 1970 308 2025 cedebant
326 1970 440 2022 armatis
457 1969 531 2022 nuda
548 1973 578 2023 et
595 1970 706 2022 inerma.

64 2045 130 2100 inde
148 2045 305 2100 minutatim
322 2045 455 2113 processit
472 2045 667 2099 ferreueeusis

65 2139 198 2190 versaque
216 2122 245 2175 in
263 2121 425 2197 obprobium
443 2121 547 2190 species
565 2120 702 2176 ostfalais
719 2120 828 2188 aheneo,

65 2202 95 2252 et
112 2197 185 2251 ferro
204 2198 323 2267 coepere
336 2198 422 2251 solum
440 2197 615 2266 proscindere
632 2201 723 2251 terroe
870 2211 917 2248 maa

65 2277 273 2343 exaequataque
291 2277 355 2328 sunt
373 2273 478 2343 creperi
496 2273 645 2327 certamina
662 2271 735 2326 belli.

65 2353 96 2404 et
112 2350 189 2419 prius
207 2353 249 2404 est
267 2354 403 2404 armatum
419 2351 448 2403 in
466 2349 529 2419 oqui
547 2348 726 2404 conscendere
744 2351 834 2403 costas

66 2429 96 2480 ct
113 2426 280 2480 moderarier
297 2427 369 2480 hunc
387 2426 471 2481 frenis
490 2426 643 2495 dextraque
660 2425 753 2494 rigere

66 2516 149 2569 quam
167 2501 258 2570 biiugo
276 2520 359 2556 curru
375 2503 441 2558 belli
458 2507 595 2572 temptare
612 2502 719 2572 pericla.

67 2581 97 2630 et
114 2575 220 2645 biiugos
237 2579 314 2646 prius
333 2583 377 2634 est
395 2597 476 2648 quam
495 2579 538 2632 bis
556 2580 721 2646 coniungere
737 2577 817 2631 binos
869 2590 916 2630 1300

67 2656 97 2707 et
115 2669 196 2720 quam
215 2653 351 2708 falciferos
368 2659 504 2707 armatum
523 2653 671 2708 escendere
689 2669 791 2706 currus.

66 2728 132 2781 inde
149 2728 233 2783 boves
251 2729 328 2782 lucas
346 2729 445 2781 turrito
463 2744 583 2796 corpore,
600 2732 713 2794 taetras,

68 2805 253 2872 anguimanus,
272 2802 337 2857 belli
356 2803 507 2857 docuerunt
524 2803 634 2858 volnera
653 2803 738 2856 Poeni

69 2879 182 2934 sufferre
199 2883 229 2933 et
246 2895 359 2946 magnas
377 2878 476 2934 Martis
493 2878 606 2933 turbare
624 2882 752 2932 catervae.

69 2956 108 3008 sic
125 2956 180 3008 alid
198 2973 233 3010 ex
250 2956 303 3008 alio
320 2955 428 3024 peperit
446 2955 582 3009 discordia
598 2954 694 3020 tristis,
869 2968 917 3008 1ao⁵

68 3030 199 3084 horribile
216 3031 340 3084 humanis
359 3031 433 3101 quod
450 3031 582 3101 gentibus
598 3033 677 3087 11111
688 3030 726 3082 'un
737 3029 840 3088 armus,

63 3107 149 3172 r‘aque
166 3106 226 3161 dies
245 3107 311 3164 belli
330 3109 491 3167 terroribus
509 3109 629 3167 addidit
645 3119 783 3175 augmen·
801 3172 809 3184 ·

92 3179 279 3252 T⁰¹¹¹rtaruut
298 3189 388 3248 otiam
405 3193 514 3250 tauros
530 3190 565 3249 in
580 3199 728 3248 moenere
739 3173 824 3230 ’1111
