2040 3426
474 125 506 181 V
858 126 916 185 157

65 238 133 290 ergo
149 220 291 277 hominum
308 239 394 292 genus
411 224 545 280 incassum
562 227 718 295 frustraque
735 225 842 280 loborat
869 241 918 281 1430

66 315 175 368 semper
192 302 222 353 et
239 299 272 352 iu
290 301 362 353 curis
379 302 513 355 consumit
530 301 654 354 inanibus
671 318 773 368 aevom,

65 374 194 449 nimirum
212 375 276 443 quio
294 391 347 428 non
365 377 489 443 cognovit
507 393 577 444 quae
595 377 631 431 sit
647 375 766 430 habendi
801 411 804 415 -

65 450 127 503 finis
145 454 174 505 et
192 451 301 504 omnino
319 451 410 520 quoad
426 456 531 507 crescat
548 468 614 519 veru
629 454 761 523 uoluptns.

65 525 150 595 idque
168 525 325 580 minutatim
343 527 426 580 vitam
443 529 570 595 provexit
587 528 615 582 in
632 529 717 583 altum

65 604 94 656 ct
111 601 176 656 bclli
193 618 305 669 magnios
323 604 468 657 commovit
485 604 609 657 funditus
626 607 686 658 aest
720 603 737 672 .]
868 620 915 660 mee

100 678 142 732 At
159 677 254 745 vigiles
272 677 512 747 mundi'magnum
529 685 568 734 uc‘
579 680 707 734 versatile
724 679 856 748 templum

65 753 105 807 sol
123 757 152 808 ct
169 753 232 807 luna
250 770 299 807 suo
316 754 464 809 lustrantes
482 756 583 810 lumino
601 756 701 810 circum

63 829 232 898 perdocuere
248 829 373 884 homines
390 847 521 885 annorum
539 834 663 900 temporo
680 832 751 885 verti

64 909 94 958 ct
111 908 187 959 certa
204 905 311 959 ratione
328 905 386 973 geri
403 924 462 961 rem
480 911 563 975 atque
581 908 676 962 ordino
693 911 775 963 corto.

101 981 161 1034 Iam
178 980 277 1035 validis
295 981 383 1051 saepti
402 983 537 1051 degebant
555 984 677 1037 turribus
694 1000 787 1038 aevom
866 999 914 1040 iero

64 1060 94 1110 ct
111 1056 199 1110 divisa
215 1056 357 1111 colebatur
374 1057 545 1127 discretoque
563 1059 650 1125 tcllus,

64 1132 120 1185 iam
136 1148 212 1186 more
230 1132 351 1186 velivolis
368 1134 484 1187 florebat
502 1135 652 1204 puppibus3
670 1136 751 1190 urbes

63 1207 213 1262 auxiliaco
231 1208 317 1262 socios
335 1209 388 1262 ianr
406 1214 487 1278 pacto
506 1210 617 1264 loedcrc
634 1211 779 1279 habebunt,

63 1283 227 1338 carminibus
244 1300 305 1338 cum
323 1301 368 1338 res
385 1289 477 1353 gestas
495 1301 609 1353 coepero
625 1290 723 1354 poctoe

63 1359 191 1426 tradere;
206 1377 258 1415 nec
274 1361 361 1415 multo
378 1361 448 1429 priu'
466 1363 531 1413 sunt
548 1361 682 1415 elemento
699 1366 815 1430 reperta.
903 1380 912 1390 ·

63 1439 210 1505 propterea
227 1436 295 1506 quid
313 1437 348 1490 sit
365 1436 442 1505 prius
459 1439 551 1490 actum
568 1437 704 1505 respicere
721 1440 798 1490 uetus

63 1515 158 1566 nostra
174 1512 278 1581 nequit,
295 1512 346 1565 nisi
363 1529 417 1581 qua
434 1512 504 1566 ratio
523 1512 638 1580 vestigio
654 1516 796 1567 monstrat.

99 1587 124 1640 N
126 1587 214 1655 origia
231 1590 314 1657 utque
332 1589 527 1657 agriculturas
544 1589 650 1642 moenia
666 1588 740 1656 leges

62 1681 139 1717 armo
156 1664 213 1717 vies
230 1667 320 1719 vestes
339 1671 364 1718 ct
381 1669 474 1719 cetera
493 1665 528 1719 de
545 1681 646 1733 genero
664 1665 768 1731 horum,

62 1740 190 1808 praemio,
209 1739 321 1793 delicias
339 1758 446 1808 quoquo
464 1741 537 1795 vitae
554 1740 677 1796 funditus
695 1742 788 1808 omnis,
887 1757 899 1792 n

62 1815 181 1868 carmina
197 1815 325 1883 picturus,
344 1821 372 1870 ct
390 1817 506 1870 daedala
523 1817 599 1885 signo
616 1817 709 1885 polire,

62 1907 128 1944 usus
145 1895 175 1945 et
192 1891 324 1960 impigrac
342 1893 420 1945 simul
439 1893 606 1960 experientia
622 1892 722 1944 mentis

62 1967 194 2036 paulatim
211 1965 304 2019 docuit
321 1966 500 2033 pedetemtim
518 1965 727 2033 progredientis.

62 2043 102 2097 sic
117 2040 335 2108 unumquicquid
352 2039 482 2109 paulatim
498 2040 637 2108 protrahit
654 2043 730 2094 uetus

62 2118 91 2172 in
108 2117 230 2172 modium
247 2116 371 2183 ratioque
388 2115 416 2168 in
434 2115 544 2169 luminis
561 2115 642 2184 erigit
658 2131 726 2170 oras.

62 2209 180 2261 nomque
197 2189 254 2244 ulid
271 2208 306 2244 cx
323 2191 376 2244 ulio
394 2190 542 2246 clarescere
560 2194 590 2246 et
607 2191 702 2246 ordine
719 2190 804 2247 debet

63 2267 177 2337 artibus,
194 2266 232 2323 od
249 2283 383 2322 summum
401 2265 489 2322 donec
505 2281 604 2324 venere
620 2282 754 2323 oecumen.
