2040 3426
105 120 161 177 152
513 115 546 172 V

102 240 156 277 nen
174 222 266 276 divom
282 235 376 290 pacem
393 218 466 273 vetis
482 218 543 274 adit
559 235 592 274 ae
608 236 691 290 prece
708 220 817 290 quaesit
965 262 972 269 .

102 302 246 353 ventorum
263 296 379 366 pavidus
396 311 478 365 paces
496 296 654 365 animasque
672 297 812 366 secundas,
909 313 960 352 rma

102 374 274 443 nequiquam,
293 372 420 441 quoniam
437 369 556 425 violento
573 371 685 426 turbine
703 389 786 442 saepe

101 453 245 517 correptus
261 448 317 501 nilo
334 448 423 502 fertur
440 445 584 510 minusad
600 447 672 501 vada
688 447 754 503 letil

101 541 188 592 usque
206 525 275 578 adeo
293 539 338 578 res
355 524 487 577 humanas
503 522 545 576 vis
561 521 658 578 abdita
676 524 813 593 quaedam

101 601 205 671 opterit
222 602 252 654 et
267 599 395 668 pulchros
411 599 492 653 fascis
509 614 658 668 smvasque
675 615 786 654 secures

102 676 260 745 proculcare
277 693 309 730 ac
326 675 444 730 ludibrio
462 673 515 728 sibi
532 673 634 729 habere
652 674 771 730 videtur.
905 693 956 733 1235

102 752 221 821 denique
239 751 289 806 sub
307 750 425 821 pedibus
441 750 525 804 tellus
542 767 604 805 eum
621 753 682 806 tota
698 751 809 807 vacillat
849 814 855 825 „

101 844 298 896 concussaeque
316 827 418 882 eadunt
435 825 855 901 urbes„dubiaequominantur‚

102 902 169 971 quid
186 904 285 956 mirum
304 903 326 956 si
343 919 374 956 se
391 904 518 966 temnunt
534 903 661 956 mortalia
678 904 769 958 saecla

101 982 185 1047 atquo
202 979 349 1047 potestatis
365 994 478 1046 magnas
495 977 633 1046 mirasque
650 979 790 1048 relinqunt

102 1053 130 1106 in
148 1054 231 1107 rebus
248 1054 313 1107 viris
330 1053 432 1121 divum,
450 1070 521 1121 quae
538 1057 635 1108 cuncta
652 1054 825 1123 gubernentl
904 1069 955 1109 1210

137 1129 216 1194 Quod
225 1133 504 1198 superest,aesatque
512 1146 608 1183 aurum
615 1131 773 1200 ferrumque
782 1134 953 1200 repertumst

101 1209 131 1258 ct
149 1204 227 1257 simul
245 1205 352 1272 argenti
369 1205 476 1274 pondus
493 1205 652 1275 plumbique
670 1203 801 1276 potestas,

100 1281 171 1348 ignis
188 1281 235 1335 ubi
253 1281 370 1349 ingentis
388 1281 470 1351 siluas
487 1280 586 1335 ardere
603 1287 739 1338 cremarat

102 1356 239 1411 montibus
256 1358 283 1410 in
300 1358 412 1426 magnis,
430 1374 478 1412 seu
494 1357 562 1411 caeli
579 1356 692 1412 fulmine
709 1359 801 1428 misso,
904 1408 907 1413 .

102 1433 159 1487 sive
177 1434 251 1502 qued
268 1435 341 1488 inter
357 1451 388 1488 se
400 1434 506 1501 ,bellum
524 1433 650 1488 silvestre
667 1439 794 1507 gerentes
903 1430 952 1488 'lass

102 1508 224 1564 hostibus
242 1510 393 1564 intulerant
409 1510 500 1578 ignem
516 1509 672 1564 formidinis
689 1526 762 1580 ergo,
796 1572 799 1578 Ι

101 1585 158 1638 sive
176 1586 250 1653 quod
268 1586 373 1640 inducti
391 1589 481 1639 terrae
498 1583 623 1639 bonitate
640 1585 769 1641 volebant

101 1661 223 1729 pandere
240 1678 320 1729 agros
337 1661 445 1730 pinguis
463 1664 492 1715 et
509 1677 609 1729 pascua
626 1661 745 1716 reddero
762 1678 836 1730 rura,

100 1736 157 1790 sive
175 1736 247 1789 feras
264 1738 418 1790 interficere
436 1740 465 1790 et
482 1737 617 1791 ditescere
633 1737 744 1806 praeda

101 1827 163 1864 nam
180 1812 258 1865 lovea
275 1815 358 1880 atque
375 1811 432 1878 igni
450 1814 527 1881 prius
544 1816 588 1866 est
604 1814 728 1868 venarier
745 1815 838 1868 ortum
902 1828 950 1868 1250

102 1904 184 1956 quam
202 1888 307 1958 saepire
325 1887 412 1957 plagis
430 1885 530 1942 saltu'm
549 1888 714 1956 canibusque
732 1889 811 1943 ciere.

101 1964 234 2033 quidquid
251 1964 281 2018 id
298 1967 347 2031 est,
366 1979 536 2033 quacumque
554 1980 570 2018 e
587 1981 669 2018 causa
685 1964 827 2018 flammeus
844 1963 928 2018 ardor

101 2039 223 2093 horribili
240 2040 329 2094 sonitu
348 2039 429 2093 silvas
446 2038 578 2094 exederat
595 2039 660 2094 altis

100 2113 135 2166 ab
153 2115 288 2170 radicibus
306 2119 335 2170 et
352 2118 455 2170 terram
473 2119 635 2184 percoxerat
652 2115 715 2183 igni,

101 2190 229 2246 manabat
248 2192 321 2245 venis
339 2190 507 2245 ferventibus
524 2191 552 2244 in
569 2191 629 2245 loca
645 2194 738 2245 terrae
901 2206 949 2245 1255

100 2280 216 2320 concava
233 2268 393 2321 conveniens
411 2266 518 2334 argenti
536 2267 610 2320 rivus
628 2270 658 2320 et
675 2266 742 2334 auri,

100 2341 171 2394 aeris
187 2341 254 2396 item
272 2346 301 2396 et
318 2343 428 2411 plumbi.
447 2360 516 2410 quae
533 2360 595 2397 eum
612 2345 740 2397 concreta
756 2341 887 2397 videbant

101 2417 235 2482 posterius
254 2417 326 2470 elaro
344 2419 372 2471 in
390 2422 466 2472 terra
484 2418 630 2488 splendere
647 2419 744 2484 colore,
779 2432 786 2441 ·

100 2491 234 2544 tollebant
251 2488 339 2545 nitido
356 2496 429 2563 capti
447 2495 554 2564 levique
570 2494 671 2564 lepore,

100 2566 227 2621 et-simili
245 2566 362 2621 formata
379 2569 509 2623 videbant
526 2587 586 2624 esse
604 2571 693 2637 figura
901 2585 949 2624 laco

100 2645 184 2712 atquo
201 2643 356 2697 lacunarum
373 2644 484 2700 fuerant
500 2645 617 2714 vestigia
634 2645 739 2714 cuique.

101 2724 158 2774 tum
176 2718 339 2790 penetrabat
357 2737 403 2774 eos
419 2738 500 2790 posse
518 2721 586 2775 haee
603 2721 752 2790 liquefacta
769 2720 858 2776 calere

99 2797 248 2863 quamlibet
265 2797 293 2849 in
311 2796 425 2850 formam
443 2797 587 2851 etfaciam
605 2796 753 2852 decurrere
770 2813 862 2850 rerum

99 2876 129 2925 et
145 2889 269 2940 prorsum
287 2873 410 2941 quamvis
428 2873 455 2926 in
474 2876 553 2927 acuta
570 2888 602 2926 ac
618 2873 712 2927 tenvia
729 2889 808 2942 pesse

100 2962 255 3000 mucronum
273 2949 335 3001 duci
352 2948 462 3016 fastigia
478 2949 662 3018 procudendo,
899 2964 949 3004 laea

95 3025 129 3075 ut
142 3021 198 3074 sibi
215 3023 271 3078 tela
289 3023 394 3095 darent,
413 3025 551 3094 silvasque
567 3027 600 3078 ut
617 3025 731 3079 caedere
749 3027 860 3094 possent

72 3097 284 3171 materiemque
301 3102 401 3160 dolare
420 3107 453 3161 et
469 3103 546 3161 leuia
560 3101 665 3157 radere
680 3100 763 3167 tiana

55 3171 91 3223 et
106 3173 263 3235 terebrare
282 3182 376 3239 etiam
395 3200 433 3240 ae
453 3179 641 3257 pertundere
656 3189 771 3248 perque
784 3171 889 3222 iamim
