2040 3426
483 113 556 171 IIII
891 115 944 173 101

94 237 176 289 quam
194 219 318 274 manibus
335 219 479 273 manifesta
496 218 553 271 suis
570 217 696 272 emittere
713 235 851 289 quoquam
875 249 876 253 κ

96 302 125 352 ct
142 298 244 351 violare
262 296 345 349 fidem
363 294 479 362 primam
497 297 527 348 et
545 293 696 349 convellere
714 298 774 349 tota
911 311 947 351 oca

94 374 274 427 fundamenta
292 370 390 440 quibus
407 370 519 424 nixatur
536 369 593 422 vita
610 370 743 439 salusque.

95 467 149 504 non
168 449 249 503 modo
268 448 340 502 enim
358 447 429 501 ratio
448 451 511 500 ruat
529 448 622 512 omnis,
641 449 696 501 vita
714 466 823 519 quoque
842 451 901 518 ipsa

95 527 220 581 concidat
238 524 383 594 extemplo,
401 523 454 577 nisi
471 523 584 577 credere
602 525 725 578 sensibus
743 527 815 578 ausis

95 602 306 672 praecipitisque
324 600 396 655 locos
414 600 502 654 uitare
520 604 549 654 et
567 604 659 654 cetera
678 618 748 670 quau
767 603 821 657 siut

95 679 125 732 in
142 694 242 746 genere
260 678 310 731 hoc
326 677 463 744 fugienda,
483 677 560 754 sequi
578 680 715 732 contraria
732 695 803 747 quac
820 678 882 733 sint
911 693 948 732 510

96 755 144 808 illa
161 754 212 808 tibi
231 758 274 808 est
292 754 376 820 igitur
395 753 540 807 verborum
559 756 636 824 copia
653 772 729 809 cassa

96 831 184 884 omnis
202 847 272 900 quac
290 833 386 884 contra
403 846 498 884 sensus
516 831 649 886 instructa
666 835 796 901 paratast.
884 847 886 851 ·

96 906 216 976 donique
232 910 266 960 ut
282 906 311 958 in
329 905 439 974 fabrica,
457 907 480 960 si
497 910 609 976 pravast
626 908 721 976 regula
737 908 835 976 prima,

97 999 246 1050 normaque
264 982 287 1035 si
305 982 387 1036 fallax
405 984 488 1037 rectis
506 983 663 1052 regionibus
681 984 746 1049 exit,

97 1062 127 1113 ct
144 1059 236 1112 libella
254 1059 344 1128 aliqua
361 1060 383 1113 si
402 1076 437 1113 ex
454 1060 528 1128 parti
545 1060 681 1114 claudicat
698 1059 790 1128 hilum,
912 1075 948 1111 ιιι

97 1135 188 1188 omnia
206 1134 335 1188 mendose
350 1135 410 1188 fieri
428 1138 511 1204 atque
530 1135 639 1205 obstipa
655 1152 767 1190 necesso
785 1137 829 1189 ost

96 1227 181 1280 prava
198 1212 328 1264 cubantia
345 1228 430 1280 prona
447 1211 543 1278 supina
561 1216 645 1281 atquo
663 1212 764 1265 absona
782 1215 863 1279 tecta,

97 1287 152 1341 iam
169 1305 249 1341 ruere
266 1290 299 1340 ut
317 1287 452 1356 quaedam
470 1287 616 1340 videantur
633 1287 710 1353 vello,
729 1290 867 1354 ruantque

97 1363 208 1432 prodita
225 1363 332 1416 iudiciis
349 1362 489 1415 fallacibus
507 1364 596 1417 omnia
613 1363 715 1431 primis,

97 1439 237 1506 sicigitur
254 1439 325 1492 ratio
342 1438 395 1491 tibi
413 1455 504 1492 rerum
522 1455 606 1507 prava
623 1441 761 1493 necessest
912 1453 948 1492 au

97 1515 219 1584 falsaque
238 1515 281 1581 sit,
300 1514 376 1568 falsis
395 1531 583 1583 quaecumque
600 1513 636 1568 ab
654 1514 778 1568 sensibus
796 1518 891 1569 crtast.

133 1591 212 1644 Nunc
229 1589 275 1643 alii
294 1607 389 1646 seusus
407 1607 461 1660 quo
479 1595 559 1659 pacto
579 1591 694 1661 quisque
712 1607 789 1644 suam
802 1607 861 1644 rom

99 1667 207 1734 sentiat,
226 1666 437 1737 haudquaquam
455 1668 525 1720 ratio
544 1684 674 1738 scruposa
691 1667 788 1722 relicta
804 1671 855 1721 cst.

134 1743 269 1812 Principio
288 1743 399 1797 auditur
417 1761 499 1798 sonus
516 1747 546 1798 ct
564 1761 616 1798 vox
634 1744 729 1811 omnis,
746 1744 775 1798 in
793 1745 866 1817 auris

97 1819 234 1873 insinuata
251 1835 300 1872 suo
317 1820 447 1888 pepulere
463 1819 511 1873 ubi
530 1836 643 1888 corporo
662 1837 777 1874 sensum.
913 1834 949 1871 aas

98 1911 255 1963 corpoream
274 1913 364 1950 uocem
383 1913 492 1965 quoquc
510 1896 583 1949 enim
602 1900 727 1950 constare
744 1896 914 1950 fatendumst

98 1974 128 2024 ct
146 1972 270 2037 sonitum,
290 1973 416 2039 quoniam
434 1975 551 2040 possunt
567 1971 699 2039 inpellere
718 1987 819 2026 sensus.

98 2050 241 2116 praetcrea
259 2047 333 2101 radit
350 2063 403 2100 vox
421 2048 512 2099 fauocs
530 2062 613 2115 saepo
630 2047 749 2112 facitque

99 2123 237 2191 asperiora
253 2123 326 2175 foras
344 2123 473 2190 gradiens
491 2121 593 2174 arteria
611 2121 717 2175 clamor.

98 2200 200 2267 quippe
217 2215 268 2265 per
286 2201 431 2264 angustum
449 2197 532 2251 turba
549 2197 651 2249 maiore
668 2201 761 2252 coorta
913 2215 950 2252 sui

98 2275 140 2328 ire
158 2275 230 2326 foras
246 2273 294 2324 ubi
313 2277 460 2340 coeperunt
478 2271 629 2342 primordia
646 2288 749 2339 vocum,

99 2350 202 2403 scilicet
220 2348 321 2415 expleti
340 2365 447 2418 quoquo
465 2349 546 2402 ianua
563 2347 669 2400 raditur
686 2349 746 2402 oris.

100 2426 173 2480 haud
192 2425 275 2493 igitur
293 2425 434 2480 dubiumst
452 2425 517 2496 quin
535 2441 615 2479 voces
632 2424 770 2494 verbaque
787 2428 914 2481 constent

100 2503 235 2570 corporeis
254 2519 269 2556 o
286 2502 433 2572 principiis,
451 2507 482 2557 ut
499 2503 610 2558 laedere
628 2501 740 2572 possint.

100 2595 149 2632 nec
167 2582 195 2632 to
212 2578 282 2631 fallit
300 2579 367 2632 item
385 2579 453 2649 quid
471 2579 590 2648 corporis
608 2578 715 2632 auferat
732 2582 761 2633 et
779 2579 847 2648 quid
913 2593 949 2633 aaa

101 2653 229 2708 detrahat
247 2670 281 2706 cx
298 2655 437 2709 hominum
455 2658 545 2710 nervis
562 2671 594 2709 ac
612 2653 714 2708 viribus
731 2654 798 2725 ipsis

100 2732 250 2798 perpetuus
269 2734 357 2783 armo
374 2731 462 2798 nigrai
480 2733 567 2786 noctis
585 2732 622 2785 ad
638 2731 763 2788 umbram

101 2821 214 2859 aurorae
231 2804 383 2873 perductus
400 2806 435 2859 ab
453 2807 594 2861 exoriente
611 2808 708 2874 nitore,

99 2882 262 2948 pracsertim
281 2881 303 2933 si
321 2897 382 2934 cum
400 2885 532 2937 summost
549 2882 666 2936 clamore
683 2880 817 2949 profusus.

100 2973 166 3024 crgo
183 2973 341 3026 corpoream
359 2972 452 3010 vocem
470 2961 594 3011 constare
611 2958 756 3024 necessest,
912 2973 950 3014 occ

100 3033 187 3086 madta
203 3033 317 3101 loquens
335 3032 462 3100 quoniam
480 3032 584 3086 amittit
600 3032 638 3086 de
654 3048 774 3100 corpora
784 3035 916 3097 uastam

54 3123 87 3156 aa
97 3108 231 3176 asperitas
247 3112 342 3165 autem
361 3108 437 3166 uocis
454 3109 490 3166 frt
507 3108 544 3164 ab
562 3109 725 3180 asperitala

85 3181 288 3254 principiorum
307 3189 339 3247 ct
359 3188 432 3248 itum
450 3188 535 3248 lcum
550 3187 659 3246 lcuoru
677 3181 813 3242 cauum&
