2040 3426
99 113 155 171 104
485 107 557 165 llll

96 214 190 268 umida
206 212 307 281 linguai
325 212 427 266 circum
446 211 573 265 sudantia
590 210 700 279 templa

97 293 127 343 at
144 291 239 343 contra
255 292 379 356 pungunt
397 304 505 340 sensnm
523 287 698 355 lacerantque
716 287 817 354 coorta,
918 300 955 340 aas

97 368 200 434 quanto
218 380 342 432 quaeque
360 362 446 431 magis
465 366 529 416 sunt
546 361 696 430 asperitate
712 361 824 430 repleta

97 440 198 494 deinde
215 439 340 508 voluptas
358 442 401 493 est
418 457 435 493 c
452 454 516 492 suco
534 438 590 491 fine
606 436 706 507 palati;

98 532 160 569 cum
177 532 242 569 roro
260 514 388 567 deorsum
406 532 457 584 per
474 514 567 567 fauces
584 512 783 583 praecipitavit,

98 590 173 644 nulla
190 590 317 659 voluptas
334 594 384 659 cst,
402 590 468 643 dum
486 589 592 644 diditur
610 589 697 642 omnis
715 589 743 641 in
761 592 844 643 artus.

98 682 149 720 nec
165 666 251 720 refert
268 666 412 734 quicquam
431 682 485 734 quo
502 665 577 720 victu
595 680 693 734 corpus
711 664 807 728 alatur,
918 681 956 720 seo

97 742 246 797 dummodo
264 744 337 811 quod
355 743 447 811 capias
465 745 625 795 concoctum
645 740 741 794 didere
760 740 849 809 possis

96 819 212 872 artubus
231 823 260 873 ct
278 817 409 873 stomachi
427 816 579 872 umidulum
597 833 707 870 servare
724 819 856 870 tenorem.

133 895 213 950 Nunc
232 895 292 948 aliis
309 895 377 947 alius
395 893 443 962 qui
461 893 499 945 sit
516 892 584 945 cibu'
604 891 693 946 suavis
711 895 746 966 et·
758 892 846 945 almus

99 971 250 1040 expediam,
268 987 394 1038 quareve,
412 969 472 1021 eliis
490 968 564 1036 quod
580 968 662 1021 triste
679 971 709 1021 et
725 969 884 1035 amarnmst,

99 1046 149 1100 hec
168 1051 261 1100 tamen
279 1063 338 1099 csse
356 1045 415 1098 aliis
433 1044 521 1113 possit
537 1044 668 1112 perdulce
685 1042 779 1110 videri,
917 1056 954 1095 mo

98 1124 229 1191 tantaque
247 1122 279 1174 in
298 1121 340 1172 his
359 1120 441 1173 rebus
459 1119 591 1172 distantia
609 1119 803 1187 differitasque,

99 1202 131 1250 ut
148 1197 221 1265 quod
238 1198 273 1250 ali
291 1196 368 1250 cibus
386 1200 429 1250 est
446 1195 507 1248 aliis
524 1195 583 1247 fuat
601 1211 663 1247 acre
681 1210 823 1247 vencnum.

99 1289 159 1326 csse
176 1274 215 1326 ita
232 1273 292 1340 quit
310 1288 430 1340 serpens,
448 1270 564 1324 hominis
581 1286 651 1337 quae
668 1272 744 1323 tacta
761 1268 852 1322 salivis

100 1348 215 1416 disperit
233 1365 264 1403 ac
282 1365 342 1403 sese
360 1347 513 1402 mandendo
531 1346 640 1400 conficit
657 1345 723 1414 ipsa

99 1428 242 1492 practerea
259 1424 337 1478 nobis
355 1427 494 1478 veratrum
512 1425 555 1476 cst
572 1438 635 1475 acre
653 1438 794 1486 vencnum,
920 1433 957 1472 ose

99 1503 129 1553 at
147 1501 235 1568 capris
253 1501 348 1570 adipes
367 1504 396 1553 et
414 1498 596 1552 coturnicibus
614 1501 704 1564 auget.

98 1578 130 1627 ut
148 1576 245 1643 quibus
262 1576 291 1628 id
308 1577 357 1629 fiat
375 1575 457 1628 rebus
475 1589 637 1640 cognoscere
654 1573 750 1642 possis,

99 1650 231 1718 principio
249 1650 403 1702 meminisse
423 1649 503 1702 dccet
522 1665 590 1717 qnae
609 1647 727 1701 diximus
744 1651 816 1716 ante,

102 1725 206 1777 semina
224 1725 393 1778 multimodis
411 1725 439 1777 in
458 1725 540 1777 rebus
557 1724 644 1778 mixta
662 1724 757 1778 teneri.

100 1816 182 1868 porro
195 1817 289 1853 omncs
301 1817 487 1869 quaecumque
500 1800 590 1854 cibum
603 1800 714 1869 capiunt
725 1800 886 1868 animantes,
919 1815 956 1854 sss

98 1879 131 1928 ut
149 1879 213 1930 sunt
231 1876 375 1930 dissimiles
394 1877 563 1931 extrinsecus
581 1879 610 1930 et
626 1876 778 1943 generatim

99 1946 203 2006 extima
221 1951 404 2006 membrorum
423 1952 638 2006 circumcaesura
656 1955 772 2018 coercet,

99 2027 216 2095 proinde
235 2031 264 2081 ct
282 2027 430 2081 seminibus
449 2031 575 2081 coustant
593 2027 715 2081 variante
733 2027 849 2094 figura.-

100 2104 202 2157 semina
219 2120 280 2157 cum
298 2119 380 2172 porro
399 2104 511 2171 distent,
529 2086 639 2157 dillbme
656 2107 795 2157 necessest

99 2179 242 2233 intervalla
259 2179 378 2246 viasque,
397 2180 530 2232 foramina
547 2196 617 2247 quae
634 2178 816 2248 perhibemus,
919 2193 957 2232 oea

100 2254 223 2309 ‹ininibns
240 2255 267 2308 in
286 2255 415 2309 membris
433 2260 462 2309 ct
479 2255 508 2308 in
526 2271 574 2308 ore
590 2255 704 2324 ipsoque
722 2255 821 2324 palato.

100 2346 160 2382 csse
178 2331 281 2383 minora
299 2329 385 2398 igitur
403 2331 538 2399 quaedam
556 2332 712 2398 maioraque
731 2330 840 2393 debent,

100 2423 160 2458 csse
178 2405 312 2473 triquetra
330 2407 396 2474 aliis,
415 2407 474 2460 aliis
492 2407 627 2474 quadrata
643 2410 801 2474 necessest,

101 2481 186 2533 multa
204 2480 329 2545 rutunda,
347 2482 436 2535 modis
453 2483 547 2535 multis
564 2483 733 2550 multangula
750 2482 890 2551 quaedam.

100 2573 216 2624 namque
234 2555 382 2621 figurarum
400 2558 470 2611 ratio
488 2563 519 2611 ut
537 2562 681 2626 motusque
698 2563 851 2628 reposcunt,
919 2573 957 2610 ess

100 2632 214 2701 proinde
232 2631 406 2685 foraminibus
425 2634 529 2688 debent
548 2634 658 2688 differre
675 2634 786 2702 figurae,

100 2714 128 2761 ct
147 2709 252 2763 variare
270 2706 329 2760 viae
345 2709 460 2777 proinde
478 2728 509 2764 ac
527 2714 639 2764 textura
656 2714 771 2764 coercet.

102 2785 151 2838 hoc
168 2785 216 2838 ubi
234 2783 308 2854 qnod
327 2800 407 2838 suave
425 2790 469 2839 cst
485 2785 546 2839 aliis
563 2785 623 2838 eliis
640 2786 673 2839 fit
690 2802 819 2851 amarum,

101 2861 146 2926 illi,
165 2862 208 2914 cui
226 2877 308 2915 suave
326 2864 376 2928 est,
394 2860 530 2915 levissima
547 2877 663 2930 corpora
681 2860 784 2915 debent

102 2936 335 2991 contractabiliter
352 2937 443 2991 caulas
461 2937 564 2991 intrare
583 2937 677 3007 palati,
920 2949 959 2987 oso

96 3014 129 3062 at
146 3015 242 3064 contra
259 3012 356 3080 quibus
374 3016 417 3067 est
435 3013 532 3066 eadem
550 3030 595 3066 res
614 3014 688 3066 intus
706 3010 812 3077 acerba,

76 3098 182 3147 *²³10ssAE
197 3087 332 3143 nimirum
349 3093 511 3161 penetrant
527 3090 699 3157 hamataque
712 3088 817 3140 lauces.

56 3167 140 3206 nune
155 3157 245 3214 fissile
262 3168 311 3218 cst
330 3185 366 3222 ex
386 3168 435 3223 nis
454 3169 545 3224 robus
565 3180 739 3236 cisguosuere
757 3174 894 3227 quaeriue.

79 3362 123 3390 ..Δ
