2040 3426
501 143 535 202 II

93 247 215 304 carmina
231 245 362 303 consimili
379 246 486 302 ratione
504 262 635 315 oppressa
652 247 771 301 silerent.

93 340 208 392 iramque
226 324 285 378 aliis
302 322 378 377 aliud
394 323 578 392 praestantius
596 327 761 378 exereretur.

93 401 193 455 cedere
210 401 278 455 item
296 402 371 453 retro
389 401 502 469 possent
519 398 547 451 in
565 398 716 453 deteriores

93 477 182 530 omnia
199 477 237 530 sle
254 476 349 545 partis,
367 478 399 528 ut
416 475 532 528 diximus
550 474 578 527 in
596 475 723 528 melioris.

92 568 209 621 namque
228 552 288 605 aliis
305 550 379 604 aliud
395 554 471 605 retro
490 567 598 619 quoque
615 551 731 605 taetrius
748 554 822 606 essct
908 566 944 606 cio

91 626 203 680 naribus
221 626 331 680 auribus
349 628 432 694 atque
451 626 534 680 oeulis
552 626 661 694 orisque
678 628 776 697 sapori.

92 719 162 770 quae
180 703 306 770 qnoniam
323 719 377 755 non
395 706 466 769 sunt,
484 701 533 756 sed
548 702 630 756 rebus
648 703 758 757 reddite
778 705 854 757 certa

92 779 153 832 finis
169 779 308 848 utrimque
325 782 402 833 tenet
419 795 560 847 summam,
577 779 681 833 fateare
697 780 837 834 necessest

94 855 237 907 materiem
256 871 362 924 quoque
380 854 462 908 linitis
480 854 591 909 differre
609 855 711 923 figuris.

91 928 209 999 denique
227 929 261 983 ab
279 930 440 998 ignibused
457 930 561 998 gelidas
579 931 633 984 iter
650 947 736 998 usque
752 930 865 1000 pruinas
906 945 943 986 ors

91 1005 225 1059 finitumst
243 1010 371 1074 retroque
388 1005 449 1076 pari
466 1006 571 1060 ratione
589 1010 777 1060 remensumst.

91 1081 194 1135 extima
211 1083 282 1135 enim
300 1082 374 1136 calor
391 1098 423 1136 ao
440 1081 533 1150 frigus,
552 1082 690 1152 mediique
707 1087 818 1152 tepores

90 1155 277 1226 interutraque
294 1158 384 1211 iacent
401 1158 544 1227 explentes
562 1159 657 1212 ordine
676 1174 817 1212 summanr.

91 1248 157 1301 ergo
174 1233 252 1287 finita
269 1233 373 1287 distant
390 1232 614 1300 ratione-‘ereata

91 1308 203 1377 ancipiti
220 1309 348 1375 quoniam
365 1307 487 1360 mucroni
503 1307 640 1374 utrimque
657 1310 794 1375 notentur,
814 1340 817 1346 ‹
906 1323 943 1364 seo

91 1383 153 1437 hinc
171 1384 286 1437 flammis
303 1382 377 1437 illinc
394 1382 489 1450 rigidis
507 1382 607 1436 infesta
624 1384 735 1452 pruinis.
884 1376 888 1386 “

127 1460 206 1525 Quod
223 1459 351 1527 quoniam
369 1459 456 1525 docui,
474 1474 589 1527 pergem
607 1461 751 1512 conectere
769 1473 829 1512 rem
846 1474 916 1526 quae
986 1472 993 1484 ·

91 1552 125 1588 ex
144 1535 194 1590 hoc
212 1539 279 1604 apta
297 1533 379 1588 fidem
397 1535 488 1602 ducat,
506 1534 655 1604 primordia
673 1550 772 1601 rennn,
845 1537 847 1540 ’

90 1612 162 1664 inter
180 1628 209 1665 so
227 1611 307 1664 simili
326 1627 396 1680 quae
414 1610 477 1664 sunt
495 1610 618 1678 perfecta
635 1609 733 1678 figure,

89 1687 197 1746 infinita
215 1688 313 1742 cluere.
331 1687 432 1740 etenim
451 1686 660 1742 distentionum
680 1687 716 1741 sit
905 1702 941 1741 eae

90 1763 236 1817 formarum
254 1763 339 1831 finita,
357 1779 469 1817 necesse
487 1765 530 1816 est
547 1779 616 1831 qnae
634 1763 736 1817 similes
754 1764 811 1819 sint

91 1854 150 1892 osse
167 1840 285 1892 infinitas
302 1842 351 1892 aut
368 1855 501 1893 summam
519 1839 643 1893 materiai

91 1915 195 1969 finitam
213 1919 346 1983 constare,
364 1915 393 1968 id
411 1914 486 1984 quod
504 1931 558 1967 non
577 1930 636 1968 esse
655 1914 768 1983 probavi

91 1991 213 2051 versibus
232 1991 378 2044 ostendens
396 1989 556 2057 corpuscula
573 1989 698 2050 materiai

90 2082 125 2120 ex
141 2066 248 2120 infinito
266 2083 399 2119 summam
416 2080 509 2118 rerum
526 2081 613 2130 usque
630 2067 734 2132 tenere,
792 2094 794 2097 ·
905 2080 941 2120 oso

90 2142 211 2210 undiquc
229 2141 335 2211 protelo
354 2140 495 2210 plagarum
513 2139 678 2193 continuato.

90 2234 154 2270 nam
171 2217 245 2286 quod
263 2233 324 2269 rara
341 2216 418 2269 vides
436 2214 522 2282 magis
540 2231 600 2268 csse
618 2214 743 2268 animalia
760 2216 896 2285 quaedam

90 2292 288 2361 fecundamque
306 2291 394 2345 minus
411 2293 536 2343 naturam
556 2289 644 2344 cernis
660 2290 688 2344 in
706 2291 766 2359 illis,

91 2372 121 2423 at
138 2366 249 2437 regione
266 2368 379 2437 locoque
396 2368 449 2421 alio
467 2367 603 2437 terrisque
621 2369 734 2422 remotis

90 2443 177 2499 multa
189 2444 254 2499 licet
264 2461 365 2513 genere
377 2461 437 2499 esse
454 2443 481 2498 in
495 2461 527 2498 eo
539 2459 736 2513 numerumque
746 2444 864 2513 repleri3
905 2461 941 2499 ses

91 2521 161 2575 sicut
178 2521 377 2590 quadripedum
396 2537 457 2576 cunr
476 2520 570 2590 primis
589 2536 649 2574 osse
666 2519 790 2575 videmus

90 2596 118 2649 in
135 2613 236 2665 genere
254 2597 432 2667 angerimanus
452 2597 617 2666 elephantos,
635 2595 717 2651 India
734 2613 850 2666 quorum

89 2672 199 2727 milibus
217 2690 233 2727 e
250 2673 344 2727 multis
362 2675 432 2728 vallo
450 2674 573 2729 munitur
590 2672 702 2741 eburno,

89 2750 122 2802 ut
138 2748 248 2816 penitus
265 2752 383 2818 nequeat
401 2750 553 2818 penetrari:
570 2752 648 2802 tenta
665 2748 785 2801 ferarum

90 2822 131 2877 vis
150 2827 200 2892 est,
219 2842 333 2893 quarum
352 2842 401 2878 nos
418 2842 556 2895 perpauca
573 2822 699 2892 exempla
716 2822 848 2877 videmus.
904 2840 940 2878 ceo

91 2898 140 2952 scd
158 2903 249 2954 tamen
268 2901 298 2954 id
316 2917 424 2969 quoque
441 2903 483 2955 uti
501 2900 657 2968 concedam,
676 2896 835 2965 quemlubet
853 2903 913 2952 esto

90 2975 169 3028 unica
186 2992 231 3028 res
249 2975 383 3044 quaedam
401 2977 493 3031 nativo
511 2992 629 3048 corpore
645 2974 717 3039 sole,

88 3049 131 3102 eni
148 3050 244 3106 similis
262 3056 322 3108 toto
340 3057 482 3110 terrarum
501 3055 591 3111 nullo
608 3052 649 3108 sn
666 3047 753 3112 erno,

77 3124 184 3178 immite
203 3130 298 3186 tamen
316 3132 374 3190 nisi
393 3132 454 3191 erit
471 3135 519 3191 vis
537 3127 681 3190 materiai
769 3194 777 3205 ι

68 3198 144 3252 unde
161 3217 197 3256 ea
213 3209 350 3278 progigni
373 3217 472 3285 possit
492 3213 659 3284 concepta,
680 3210 789 3258 creant
