2040 3426
102 115 141 172 58
513 105 548 163 Π

101 216 281 286 primigenum
298 210 382 265 maris
399 212 430 265 et
446 213 539 265 terrae
556 210 674 278 solisque
690 213 815 266 coortum
924 220 929 227 '

101 291 196 344 addita
214 303 329 358 corpora
346 288 409 340 sunt
426 285 604 356 extrinsecus,
621 286 718 341 addita
734 287 837 342 circum

101 366 206 420 semina
223 381 293 432 quae
309 378 437 430 magnum
453 361 597 416 iaculando
614 362 730 417 contulit
747 379 841 428 omne;

100 442 173 494 unde
191 457 266 494 maro
284 442 313 493 et
330 441 422 492 terrae
438 441 550 507 possent
568 455 714 506 augescere
733 443 761 493 et
778 439 851 493 undo
925 461 934 474 ·

101 519 248 586 appareret
265 514 383 585 spatium
401 514 469 568 caeli
487 513 584 568 domus
601 514 710 583 altaque
728 518 804 570 tecta
909 531 963 571 1111

100 592 212 647 11111111
229 609 245 646 a
262 592 343 646 terris
360 590 456 660 procul
473 592 503 644 et
520 595 699 659 consurgeret
715 608 771 645 ner.

100 684 163 722 nam
181 685 230 722 sua
246 669 344 736 cuique
360 666 426 721 loeis
444 682 477 720 ex
496 665 620 719 omnibus
637 667 726 720 omnia
741 666 830 736 plagis

100 760 215 814 corpora
232 743 432 797 distribuuntur
449 742 532 797 etad
549 759 599 796 sua
615 743 704 797 saecla
721 742 863 811 recedunt,

99 835 179 874 umor
196 819 232 874 ad
249 835 379 887 umorem,
396 822 507 873 terrene
524 834 637 888 corpore
655 821 732 872 terra

100 896 200 950 erescit
217 899 246 951 11
262 896 353 964 ignem
369 895 446 963 ignes
464 893 619 963 procudunt
636 894 802 962 aetheraque
818 894 924 962 aether,

100 971 219 1040 donique
235 970 272 1025 ad
289 973 441 1024 extremam
458 969 598 1023 crescendi
614 970 716 1040 perfica
732 970 815 1024 finem
907 986 960 1026 me

98 1047 190 1100 omnia
206 1045 338 1115 perduxit
355 1061 447 1098 rerum
464 1047 561 1099 natura
579 1046 713 1111 creatrir;
735 1101 737 1104 Α

100 1124 132 1176 11
149 1123 182 1176 fit
199 1122 245 1176 ubi
262 1121 317 1175 nilo
335 1121 388 1174 iam
405 1120 466 1189 plus
484 1123 528 1175 est
545 1121 619 1189 quod
637 1120 718 1175 datur
735 1122 807 1176 intra

99 1197 189 1251 uitalis
207 1212 290 1250 venas
308 1212 390 1263 quam
407 1196 481 1265 quod
498 1195 558 1251 fluit
576 1195 665 1265 adque
682 1197 795 1251 recedit.

99 1273 225 1327 omnibus
242 1272 285 1326 hic
302 1276 379 1326 aetas
397 1271 481 1326 debet
498 1271 647 1326 consistere
664 1272 755 1340 rebus,
906 1287 958 1328 1111

98 1347 143 1404 hic
159 1351 257 1403 natura
274 1350 329 1402 suis
346 1350 467 1404 refrenat
485 1347 587 1404 viribus
605 1352 723 1402 auctum.

98 1441 162 1480 nam
179 1441 364 1494 quaecumque
382 1425 459 1480 vides
475 1424 561 1478 hilaro
578 1423 759 1492 grandescere
776 1423 896 1478 adauctu
921 1465 924 1469 .

97 1501 282 1570 paulatimque
299 1501 401 1568 gradus
418 1501 517 1554 aetatis
535 1499 666 1554 scandere
682 1499 801 1567 adultae,

97 1576 177 1645 plura
193 1576 245 1630 sibi
262 1577 409 1630 adsumunt
426 1592 508 1643 quarn
526 1577 561 1629 de
579 1593 609 1630 se
626 1593 741 1645 corpora
757 1575 878 1642 mittunt,

98 1651 163 1705 dum
181 1652 259 1705 facile
276 1651 305 1704 is
322 1667 404 1704 renas
421 1651 498 1705 cibus
516 1651 603 1705 omnis
619 1651 724 1706 inditur
741 1654 771 1706 et
787 1650 853 1705 dum
904 1666 956 1706 112⁵

98 1742 150 1780 non
168 1728 207 1780 ita
224 1730 288 1781 sunt
305 1727 361 1781 late
378 1727 502 1797 dispersa
519 1730 551 1782 ut
567 1727 654 1782 multa
670 1727 814 1782 remittant

98 1806 128 1856 et
144 1802 206 1872 plus
223 1802 350 1872 dispendi
366 1803 467 1858 faciant
484 1820 567 1873 quam
584 1803 704 1858 vescitur
720 1807 805 1857 aetas.

97 1894 160 1931 nam
177 1882 253 1932 certo
270 1877 355 1932 liuere
372 1879 610 1949 adqucsrecedere
627 1896 742 1948 corpora
758 1879 841 1933 rebus

97 1953 183 2008 multa
200 1971 295 2008 manus
313 1953 433 2010 dandum
451 1961 509 2022 est;
527 1956 577 2010 sed
593 1955 673 2024 plura
689 1954 820 2008 accedero
840 1953 954 2028 debent,

98 2029 183 2084 donec
200 2031 338 2085 alescendi
356 2049 490 2086 smnmum
508 2031 626 2100 tetigere
643 2047 778 2085 cacumen.
843 2089 846 2093 ⁴
904 2045 955 2085 uso

97 2104 161 2160 inde
178 2106 334 2161 minutatim
352 2109 424 2163 sires
441 2113 470 2163 et
487 2107 571 2162 robur
589 2107 712 2161 adultum
900 2150 903 2155 .

97 2181 197 2251 frangit
214 2186 244 2237 et
261 2184 289 2237 in
306 2188 415 2254 partem
432 2185 553 2254 peiorem
570 2183 683 2252 liquitur
700 2185 784 2237 aetas,
831 2220 832 2225 1

97 2257 198 2328 quippe
207 2261 308 2314 etenim
320 2264 422 2329 quanto
434 2264 478 2315 est
488 2276 533 2314 res
545 2259 667 2329 amplier,
676 2259 802 2326 augmine
814 2257 955 2326 adempto,

97 2337 127 2387 et
144 2352 197 2401 quo
214 2336 295 2390 latior
312 2340 363 2404 cst,
380 2337 407 2390 in
426 2341 536 2393 cunctas
553 2335 675 2403 undique
692 2335 779 2403 partis

98 2411 176 2478 plura
192 2413 274 2464 modo
292 2412 427 2479 dispargit
444 2417 474 2466 et
491 2412 525 2465 ab
543 2429 573 2465 so
591 2422 705 2480 corpora
722 2411 817 2477 mittit,
904 2424 954 2464 1115

97 2502 147 2539 nec
164 2485 244 2539 facile
261 2486 289 2539 in
307 2502 390 2540 renas
407 2488 483 2541 cibus
500 2488 587 2541 omnis
605 2486 711 2541 diditur
729 2487 754 2540 ei

96 2577 147 2615 nee
165 2561 230 2614 satis
247 2565 298 2628 est,
316 2577 366 2630 pro
384 2578 465 2629 quarn
483 2563 573 2631 largos
590 2565 733 2617 exaestuat
749 2565 848 2628 aestua,

95 2637 169 2692 unde
186 2640 268 2707 queat
285 2640 393 2692 tantum
411 2637 527 2692 suboriri
545 2655 577 2693 ac
595 2638 779 2708 subpeditare.

56 2715 186 2768 reomuia
202 2712 286 2768 debet
302 2713 376 2768 enim
393 2713 469 2768 cibus
486 2714 624 2783 integrare
641 2714 765 2768 novando

95 2797 125 2845 et
142 2790 238 2844 fulcire
254 2790 338 2858 cibus,
355 2790 434 2845 cibus
450 2791 540 2844 omnia
557 2793 718 2857 sustentare,
903 2804 954 2844 1111

96 2867 266 2933 nequiquam,
284 2866 411 2936 quoniam
429 2883 480 2920 nec
497 2883 582 2921 venae
600 2865 794 2935 per‘pctiuutur

95 2940 169 3007 quod
182 2941 249 2993 satis
260 2945 304 2995 est
314 2959 404 3010 nequo
416 2945 628 3012 quantum'opus
639 2944 683 2995 est
697 2944 795 2995 natura
806 2939 952 3008 ministrat.

55 3017 154 3066 rariore
169 3015 255 3080 igitur
268 3022 394 3088 pereunt,
412 3035 474 3074 cum
492 3017 568 3073 rarei
598 3020 628 3070 ta
644 3016 754 3069 fluendo

71 3092 144 3140 sunt
160 3094 192 3142 11
210 3106 275 3144 curu
294 3096 420 3151 externis
440 3113 556 3153 succum
574 3095 629 3149 unt
645 3092 740 3146 omnis.
754 3090 858 3159 quaque,

55 3163 296 3231 quandoquidem
313 3173 422 3237 grandi
443 3174 529 3231 cibus
546 3186 620 3229 aevo
637 3165 765 3235 denique
783 3164 857 3215 dulit.
928 3172 983 3209 1111
