2040 3426
82 111 120 168 98
471 106 542 163 IlII

79 229 130 266 nec
148 217 263 280 possunt
280 209 356 277 oculi,
368 212 494 264 naturam
511 225 624 264 noscero
642 226 740 266 rerum.

77 286 195 358 proinde
212 286 295 340 animi
313 285 410 340 vitium
427 285 484 354 hoe,
497 284 582 340 oculis
599 285 740 352 adfingere
758 286 823 341 noli.

79 380 133 432 qua
152 362 277 416 vehimur
295 361 364 430 navi,
381 361 477 430 fertur,
496 377 557 415 eum
574 363 648 415 stare
667 361 792 429 videtum

80 456 151 509 quae
169 440 263 492 menet
279 438 307 491 in
326 438 451 505 statione,
470 454 502 491 ea
519 440 629 505 praeter
648 438 770 493 ereditur
788 439 829 494 ire

80 518 109 570 et
126 516 221 583 fugere
240 513 277 567 ad
294 514 409 584 puppim
427 514 509 568 colles
527 516 670 584 campique
688 516 816 570 videntur

80 609 149 662 quos
167 591 272 660 agimus
290 594 400 660 praeter
418 607 514 645 navem
533 590 653 661 velisque
671 592 799 646 volamus.

80 669 172 723 sidera
189 683 295 722 cessere
316 667 445 721 aetheriis
464 667 555 722 adfixa
573 684 695 722 cavernis

81 749 180 800 cuneta
197 745 331 812 videntur,
351 747 381 797 et
400 743 514 799 adsiduo
533 748 598 798 sunt
614 743 705 798 omnia
722 749 806 811 motu,

80 821 302 890 quandoquidem
321 821 416 889 longos
436 821 527 876 obitus
546 823 642 875 exorta
659 820 788 887 revisunt,

81 913 144 951 eum
160 914 308 967 permensa
326 913 374 950 suo
393 901 457 951 sunt
475 896 579 950 eoelum
597 912 710 965 corpore
728 895 808 953 claro.

82 974 176 1043 solque
194 975 254 1043 pari
272 974 378 1028 ratione
395 989 505 1026 manere
523 976 552 1026 et
569 972 634 1026 luna
651 971 781 1026 videntur

81 1050 109 1103 in
129 1051 253 1117 statione,
273 1066 306 1103 ca
323 1065 393 1117 quae
410 1049 476 1103 ferri
494 1064 538 1102 res
556 1047 661 1102 indicat
679 1048 744 1117 ipsa.

83 1127 271 1193 metantisque
290 1123 383 1194 procul
401 1125 490 1178 medio
509 1124 544 1179 de
562 1125 670 1193 gurgite
688 1124 789 1177 inentis

83 1295 218 1350 classibus
236 1296 308 1348 inter
327 1311 396 1363 quos
413 1294 483 1349 liber
500 1296 579 1359 patet
597 1293 686 1360 exitus
705 1293 808 1360 ingens,

83 1372 171 1425 insula
192 1371 343 1426 coniunctis
360 1374 453 1425 tamen
471 1386 506 1423 ex
523 1369 566 1422 his
584 1385 638 1421 una
655 1368 772 1423 videtur.

83 1448 154 1501 utria
173 1447 275 1501 versari
293 1450 323 1501 ct
341 1446 554 1500 circumcursare
571 1444 711 1500 columnae

84 1540 172 1592 usquc
190 1522 259 1576 adeo
277 1522 310 1576 fit
326 1522 368 1575 uti
385 1521 477 1591 pueris
494 1521 646 1588 rideantur,
664 1519 711 1573 ubi
729 1519 782 1588 ipsi

85 1599 228 1652 desierunt
246 1598 323 1662 verti,
341 1597 386 1651 vix
404 1602 436 1650 ut
453 1596 508 1650 iam
526 1595 639 1650 credere
656 1596 761 1663 possuit

85 1690 138 1727 non
157 1689 240 1742 supra
258 1689 317 1727 sese
334 1689 413 1726 ruere
432 1673 519 1724 trinnio
537 1675 612 1726 tecta
629 1671 734 1724 minari.

84 1751 194 1818 iamque
212 1748 326 1802 rubrum
344 1748 467 1801 tremulis
485 1747 564 1801 iubar
582 1747 692 1815 ignibus
709 1748 814 1814 erigere
832 1746 888 1800 alte

85 1842 147 1878 cum
166 1826 277 1892 coeptat
294 1826 393 1877 natura
411 1839 546 1891 supraque
565 1823 697 1877 extollere
715 1826 830 1887 montes,
899 1835 937 1876 sos

84 1916 153 1969 quos
170 1900 222 1954 tibi
240 1903 300 1954 tum
318 1915 401 1968 supra
420 1899 459 1952 sol
479 1899 579 1972 montis
597 1916 657 1954 esse
675 1899 784 1953 videtur

85 1976 234 2031 cornminus
253 1975 312 2046 ipse
330 1992 378 2028 suo
398 1975 557 2044 contingens
576 1975 697 2030 fervidus
714 1976 778 2043 igni,

86 2053 129 2106 vix
147 2051 246 2106 absunt
263 2051 341 2105 nobis
358 2051 457 2105 missus
476 2051 519 2104 bis
537 2052 611 2106 millo
629 2052 753 2119 sagittae,

85 2129 129 2182 vix
148 2127 231 2182 etiam
249 2144 343 2181 cursus
361 2128 522 2195 quingentos
542 2143 623 2196 saepe
641 2126 738 2180 veruti.

85 2207 157 2259 inter
175 2220 222 2258 eos
240 2205 377 2270 solemque
396 2203 486 2258 iacent
504 2204 631 2258 innuania
648 2202 725 2272 ponti

85 2297 204 2349 aequora
221 2281 360 2334 substratu
379 2279 681 2350 aetheriis'ingentibus
699 2277 761 2345 oris,

86 2357 282 2425 interiectaque
300 2360 365 2410 sunt
384 2360 519 2410 terrarum
538 2356 612 2408 milia
630 2355 716 2408 multa

88 2449 157 2500 quae
175 2432 265 2486 vanae
282 2434 403 2487 retinent
421 2437 517 2502 gentes
536 2435 565 2485 ct
583 2431 671 2486 saecla
689 2431 814 2483 ferarum.

86 2512 116 2562 at
134 2509 272 2562 conlectus
289 2525 376 2577 aquae
395 2510 510 2578 digitum
529 2526 583 2563 non
601 2507 682 2561 altior
699 2522 791 2568 unum,

86 2584 133 2654 qui
152 2583 258 2653 lapides
274 2584 347 2639 inter
366 2585 439 2639 sistit
456 2603 507 2654 per
526 2588 614 2639 strata
630 2584 741 2646 viarum,
902 2593 941 2633 ns

87 2661 247 2730 despectum
265 2661 381 2732 praebet
401 2662 451 2715 sub
470 2666 558 2716 terras
576 2661 669 2729 inpete
686 2661 773 2723 tanto,

86 2737 202 2792 atcrris
219 2742 352 2807 quantum
371 2739 437 2793 caeli
458 2741 534 2807 patet
552 2737 623 2790 altus
640 2735 747 2797 hiatus;

87 2812 180 2866 nubila
197 2813 331 2884 dispicere
351 2823 380 2870 ct
398 2815 502 2869 caelum
522 2820 554 2866 ut
571 2812 680 2865 videare
697 2809 799 2875 nidero,

88 2890 180 2940 cetera
198 2891 321 2946 mirando
340 2893 390 2945 sub
409 2895 498 2944 terras
516 2888 611 2942 abdita
628 2887 710 2941 caelo.

88 2959 206 3027 denique
225 2966 272 3018 ubi
291 2967 322 3024 iu
337 2967 428 3020 medio
446 2965 523 3019 uobis
541 2980 605 3018 ecus
624 2979 687 3017 acer
704 2959 829 3015 obhaesit

68 3031 188 3118 flumine
207 3041 238 3092 et
253 3039 285 3093 in
303 3042 418 3113 rapidas
437 3041 527 3098 amuis
544 3040 719 3110 despeximus
734 3036 830 3101 undas„

51 3102 171 3194 stante·
184 3115 254 3182 0qu
274 3134 384 3192 eorpus
396 3125 603 3178 'transversum
618 3117 696 3171 ierne
710 3113 821 3166 uidetur

39 3184 86 3222 ¹⁷¹⁸
106 3181 137 3228 0⁶
157 3197 190 3235 ¹1²
209 3191 379 3253 adversum
397 3200 512 3254 flumen
535 3192 713 3252 contrudere
727 3185 845 3252 ruptus,
