2040 3426
51 116 88 172 22
469 109 485 164 I

48 221 78 270 at
95 231 187 270 rerum
204 229 274 282 quae
292 216 356 268 sunt
373 212 527 282 primordia,
545 212 625 281 plura
642 211 775 267 adhibere

48 294 162 360 possunt
179 290 254 344 unde
271 292 374 359 queant
391 289 483 344 variae
501 305 545 344 res
563 305 687 358 quaeque
705 288 799 344 creari.

82 368 109 420 N
110 384 162 421 unc
179 370 209 420 55
227 367 408 434 Anaxagorae
426 369 578 420 scrutemur
595 366 813 420 homoeomerian

49 460 130 511 quam
148 443 213 497 Grai
231 445 384 497 memorant
401 459 451 496 nec
468 445 562 496 nostra
580 441 671 495 dicero
690 440 784 510 lingua

48 517 174 572 concedit
191 517 269 572 nobis
286 519 369 587 patrii
387 518 518 573 sermonis
535 521 651 586 egestae,
704 550 708 555 -

48 593 98 648 sed
115 597 208 648 tamen
227 595 314 663 ipsam
332 611 391 648 reni
408 594 514 647 facilest
531 610 669 662 exponere
685 592 785 647 verbis.

48 670 188 738 principio,
207 688 298 725 rerum
316 687 398 737 quom
416 669 483 723 dicit
501 669 726 738 homoeomerian,

46 762 108 800 ossa
125 746 252 802 videlicet
269 764 285 801 e
302 746 429 814 pauxillis
445 749 528 814 atque
545 745 657 799 minutis

48 823 154 877 ossibus
171 822 216 877 hic
234 827 262 878 et
280 823 317 875 de
334 822 460 889 pauxillis
478 825 561 890 atque
578 820 691 875 minutis

46 898 195 953 visceribus
212 899 300 952 uiscus
317 897 392 964 gigni
410 913 587 964 sanguenque
604 895 691 950 creari

46 974 184 1042 sanguinis
200 975 274 1028 inter
292 989 321 1025 se
339 972 433 1025 multis
450 971 602 1026 coeuntibu’
621 971 709 1040 guttis

47 1066 82 1102 ex
99 1050 212 1120 aurique
230 1052 310 1119 putet
327 1047 404 1101 micis
421 1048 569 1102 consistere
586 1064 667 1118 posse

46 1140 143 1179 aurum
161 1129 190 1180 et
208 1126 244 1180 de
261 1125 343 1179 terris
360 1126 464 1178 terram
481 1140 654 1178 concrescere
670 1123 769 1190 parvis,

47 1200 156 1268 ignibus
173 1201 302 1268 exiguis,
321 1216 444 1254 umorem
461 1200 602 1254 umoribus
621 1215 688 1266 esse,

46 1279 138 1330 cetera
155 1276 287 1330 consimili
303 1275 385 1343 fingit
401 1276 508 1330 ratione
525 1279 669 1345 putatque.

46 1369 95 1407 nec
113 1357 205 1408 tamen
223 1370 282 1407 esse
300 1352 356 1405 ulla
373 1353 452 1420 parte
469 1351 543 1406 idem
560 1352 589 1405 in
606 1351 688 1406 rebus
706 1349 786 1403 inane

45 1429 169 1483 concedit
185 1444 275 1497 neque
294 1428 453 1495 corporibus
470 1428 552 1481 finem
571 1442 631 1481 esse
648 1425 780 1480 secandis.

46 1519 132 1571 quaro
149 1505 178 1557 in
196 1507 314 1570 utraque
331 1502 397 1554 milri
414 1501 518 1569 pariter
536 1502 642 1554 ratione
659 1500 771 1555 videtur

47 1594 139 1632 errare
156 1582 240 1646 atque
258 1577 305 1641 illi,
324 1592 406 1643 supra
425 1592 493 1644 quos
511 1576 629 1629 diximus
647 1580 719 1630 ante.

46 1652 118 1706 adde
136 1652 210 1720 quod
226 1650 352 1705 inbecilla
369 1651 449 1704 nimis
466 1650 616 1719 primordia
633 1651 727 1719 fingit3

46 1728 69 1780 si
86 1727 236 1797 primordia
253 1729 323 1790 sunt,
342 1725 421 1779 simili
439 1742 509 1794 quae
526 1727 652 1795 praedita
669 1730 796 1783 constant

46 1806 144 1856 natura
162 1807 246 1872 atque
263 1802 338 1870 ipsse
356 1817 401 1856 res
420 1804 484 1855 sunt
502 1818 644 1872 aequeque
661 1803 787 1858 laborant

46 1882 75 1933 55
93 1883 211 1948 pereunt
228 1894 317 1947 neque
334 1878 370 1932 ab
388 1878 471 1933 exitio
489 1895 534 1932 res
550 1879 606 1933 ulla
623 1880 749 1934 refrenet
859 1895 897 1934 555

47 1971 109 2008 nam
126 1954 194 2023 quid
211 1954 239 2008 in
258 1971 390 2023 oppressu
407 1954 498 2008 valido
516 1955 628 2011 durabit
645 1972 746 2025 eorum,

46 2033 77 2084 ut
94 2034 211 2085 mortem
229 2031 350 2099 effugiat,
368 2030 418 2085 leti
436 2031 486 2084 sub
505 2031 635 2086 dentibus
650 2031 735 2100 ipsisl

46 2106 117 2174 ignis
128 2123 162 2160 an
174 2123 252 2161 umor
264 2123 300 2160 an
312 2108 394 2162 euml
413 2107 479 2176 quid
490 2107 605 2162 horuml
623 2123 744 2175 sanguen
756 2123 791 2159 an
802 2107 886 2160 osso?

46 2183 92 2250 nil,
110 2187 142 2238 ut
159 2184 261 2253 opinor,
280 2184 326 2237 ubi
344 2200 377 2238 ex
397 2200 485 2253 aequo
502 2201 547 2239 res
563 2183 687 2238 funditus
705 2183 792 2237 omnis

45 2260 103 2312 tam
120 2260 242 2314 niortalis
260 2260 313 2314 erit
331 2276 412 2327 quam
430 2277 501 2329 quac
518 2261 663 2314 manifesta
679 2258 803 2314 videmus
859 2271 896 2310 555

46 2351 81 2387 ox
99 2335 183 2389 oculis
199 2336 300 2390 nostris
318 2336 451 2402 eliquari
469 2337 541 2390 victa
558 2337 654 2405 perire.

46 2411 77 2462 et
93 2424 182 2475 neque
199 2410 336 2463 reccidere
354 2411 390 2461 ad
407 2412 490 2463 nilum
509 2427 553 2463 res
570 2427 651 2478 posse
667 2426 757 2479 neque
774 2413 867 2463 autem

45 2499 168 2538 55555555
184 2484 220 2538 de
238 2485 293 2536 nilo
309 2488 398 2537 testor
415 2500 460 2538 rcs
477 2489 542 2538 ante
559 2485 694 2553 probatas.

45 2561 190 2628 praeterea
207 2559 332 2626 quoniam
351 2557 428 2612 cibus
445 2561 528 2627 auget
545 2575 642 2628 corpus
660 2560 771 2629 alitque,

46 2635 115 2688 scire
133 2635 196 2689 lieet
213 2634 292 2688 nobis
309 2650 391 2688 vernas
409 2637 439 2689 55
457 2651 576 2703 sanguen
593 2639 623 2690 et
640 2653 701 2691 ossa
858 2651 896 2690 seo

45 2788 102 2841 sire
120 2788 192 2842 cibos
210 2789 296 2842 onmis
314 2789 461 2843 commixto
478 2804 590 2858 corpore
608 2747 700 2845 dicent

45 2880 105 2917 5555
123 2867 153 2918 55
170 2864 316 2919 haberem
335 2882 364 2918 55
382 2882 525 2920 nervorum
543 2882 656 2935 corpora
673 2883 757 2936 parva

44 2955 160 3007 ossaque
178 2943 208 2993 55
225 2942 333 2994 omnino
352 2958 433 2996 venas
450 2943 593 3012 partisque
610 2943 721 3007 cruoris,

40 3014 141 3067 fiett
109 3031 126 3066 u
129 3017 150 3066 5
170 3014 245 3067 cibus
263 3018 406 3087 omnis,et
376 3018 519 3074 etaridus
537 3021 566 3073 et
583 3018 697 3086 liquor
689 3033 759 3086 ipse,

24 3101 64 3135 er
77 3087 246 3157 alienigenis
262 3093 350 3149 robus
368 3099 503 3154 constare
520 3097 650 3183 putetur,
869 3099 911 3138 W*

5 3157 120 3212 55557555
136 3167 172 3218 55
185 3168 287 3223 nornis
306 3173 449 3245 sanieque
468 3177 503 3231 et
522 3170 662 3241 sanguino
679 3167 782 3223 mim
