2040 3426
67 124 105 182 50
481 117 514 175 11

66 227 117 282 sed
134 244 222 295 neque
240 231 297 280 tarn
315 225 400 279 facilis
418 241 462 279 res
479 226 535 279 ulla
552 230 595 280 est
612 225 678 294 quin
695 243 728 279 ea
746 225 865 294 priunnn

67 302 183 355 difficilis
201 298 287 368 magis
305 300 341 354 ad
357 301 525 356 credendum
543 304 659 369 constet,
676 301 799 369 itemque

69 378 104 430 nil
124 377 193 430 acteo
211 394 338 444 inagnum
356 393 445 446 neque
462 380 519 430 tam
537 377 660 431 mirabile
678 378 828 446 quicquam,
892 431 897 437 ,

67 452 141 520 quod
159 469 211 505 non
230 453 361 521 paulatini
379 455 492 506 mittant
509 452 633 506 mirarier
650 469 749 507 omnes.

67 527 197 596 suspicite
215 528 281 580 cneii
300 528 402 581 clarum
420 544 573 596 purumque
590 527 716 594 colerem,
876 544 927 584 1030

67 619 192 672 ipsaeque
209 603 238 656 in
256 620 285 656 se
303 603 420 668 cohibet,
438 603 559 671 palantia
576 598 668 657 sidera
684 605 792 673 passim,

69 678 214 746 lunamque
232 682 261 732 et
279 678 342 732 solis
360 678 500 746 praeclara
518 678 578 731 luce
595 679 727 744 nitorem3

67 755 157 807 onruia
174 772 243 823 quae
261 771 332 809 nunc
350 755 372 807 si
390 755 506 823 prinnini
525 754 685 808 mortalibus
702 759 801 823 essent,

68 847 101 882 ex
120 831 255 900 inproviso
274 831 297 883 si
314 846 386 882 nunc
403 828 510 882 obiecta
526 833 649 898 repente,

68 906 134 970 quid
151 906 237 972 iungis
255 906 298 958 liis
315 905 397 958 rebus
415 910 524 973 peterat
542 905 665 958 mirabile
683 906 736 960 dici
876 922 926 962 1015

67 983 115 1033 aut
133 981 221 1033 minus
239 984 303 1033 ante
322 980 396 1047 quod
413 979 546 1033 auderent
563 981 622 1034 foro
640 982 753 1036 credere
770 985 888 1050 gentes?

67 1056 111 1121 nil,
129 1059 162 1109 ut
179 1056 289 1124 opinor:
307 1056 347 1108 ita
364 1055 431 1108 haec
449 1056 552 1123 species
569 1057 694 1111 miranda
710 1057 812 1111 fuisset.

68 1148 149 1198 quam
167 1132 217 1185 tibi
235 1132 288 1184 iarn
306 1147 393 1199 nemo,
410 1131 497 1184 fessus
516 1132 614 1185 satiate
632 1133 749 1199 videndi,

68 1207 204 1276 suspicere
223 1208 248 1261 in
267 1208 335 1261 caeli
353 1206 481 1275 dignatur
498 1207 588 1260 lucida
606 1209 722 1277 templa!

68 1283 162 1336 ‹lesine
180 1287 347 1353 <propropter
365 1283 486 1336 novitate
504 1284 652 1337 exterritus
668 1284 728 1353 ipsa
875 1300 925 1340 1010

67 1375 188 1428 expuere
207 1377 240 1413 er
259 1360 348 1413 aninro
366 1360 506 1424 rationem,
525 1358 574 1411 sed
592 1359 677 1427 magis
694 1361 749 1413 aeri

69 1435 169 1488 iudicio
188 1437 329 1505 perpende
347 1439 383 1501 et,
401 1437 423 1488 si
442 1436 492 1488 tibi
510 1451 574 1487 vcra
592 1434 726 1499 videntur,

70 1509 262 1577 dedareanus,
281 1515 336 1576 aut,
356 1511 378 1563 si
396 1510 493 1563 faisunr
514 1515 563 1575 est,
582 1510 723 1579 accingere
740 1514 842 1565 eontra.

69 1587 176 1654 quaerit
194 1587 266 1639 enirn
284 1587 416 1638 rationem
434 1585 547 1651 antinus,
565 1602 626 1640 cum
644 1603 748 1640 summa
765 1587 816 1640 loci
833 1587 870 1642 sit

68 1661 175 1714 infinita
192 1661 257 1715 feris
274 1661 341 1714 haec
358 1664 438 1714 extra
455 1661 562 1714 moenia
579 1663 681 1727 mundi,
876 1679 924 1719 1015

69 1736 136 1803 qnid
153 1737 188 1788 sit
206 1736 243 1788 ibi
260 1752 342 1804 porro
360 1752 413 1802 qno
431 1736 588 1804 prospicere
605 1753 690 1806 usque
708 1738 775 1792 velit
791 1755 868 1792 mens
950 1787 953 1792 .

69 1816 152 1878 atque
170 1811 251 1863 animi
268 1812 355 1864 iactus
373 1811 443 1864 liber
460 1826 514 1879 quo
531 1812 656 1880 pervolet
672 1813 739 1882 ipse.

106 1887 240 1955 Principio
258 1887 334 1940 nobis
353 1888 379 1940 in
398 1891 511 1941 cunctas
528 1887 647 1955 undique
664 1890 751 1957 partis

69 1967 98 2017 et
116 1961 202 2015 latere
220 1981 252 2016 ex
271 1969 386 2031 utreque
404 1980 495 2031 supra
512 1966 662 2032 supterque
679 1981 729 2032 per
747 1962 826 2019 omne

69 2039 142 2091 nulla
160 2043 202 2092 est
221 2040 295 2104 finis;
313 2042 352 2093 uti
371 2041 458 2106 docui,
477 2054 521 2092 res
539 2039 651 2108 ipsaque
668 2057 718 2108 per
736 2057 766 2094 so
876 2057 925 2095 1050

70 2115 239 2182 vociferatur,
257 2119 286 2170 et
304 2117 392 2170 elucet
409 2120 508 2170 natura
525 2115 657 2183 profundi.

69 2192 142 2244 nullo
161 2191 214 2244 ianr
232 2197 311 2260 pacto
330 2194 386 2246 veri
405 2192 492 2245 simile
510 2207 569 2244 esse
587 2192 773 2259 putarulunrst

69 2267 189 2335 nudique
207 2285 267 2322 enin
286 2286 394 2322 versum
413 2268 530 2337 spatium
548 2273 626 2321 vocet
644 2267 779 2321 infinitnrn

69 2343 225 2410 seminaque
243 2345 382 2398 innumero
399 2360 512 2398 numere
530 2359 687 2411 summaque
705 2344 838 2412 profunda

70 2418 237 2471 innitirnodis
255 2420 368 2472 volitent
386 2422 499 2474 aeterno
517 2419 621 2486 percita
638 2422 721 2483 motu,
876 2435 924 2474 1005

69 2495 140 2547 hunc
157 2510 238 2546 unuin
258 2498 392 2547 terrarum
410 2495 503 2548 orbem
521 2494 677 2562 caelumque
695 2501 825 2562 creatum,

70 2570 106 2622 nil
126 2586 208 2638 agere
226 2569 272 2621 illa
290 2569 354 2622 feris
372 2573 415 2623 tot
432 2585 546 2638 corpora
563 2571 704 2635 nratcriai;

70 2664 130 2701 euru
148 2645 308 2714 praesertim
327 2645 370 2699 hic
388 2646 424 2699 sit
442 2649 540 2699 natura
558 2647 652 2714 faetus,
669 2651 698 2701 et
717 2647 775 2714 ipsa

70 2725 167 2792 sponte
185 2739 233 2776 sua
251 2723 321 2776 forte
339 2722 495 2775 offensarule
514 2722 616 2775 semina
635 2740 725 2776 reruni

54 2799 237 2853 ,multimodis
255 2803 359 2852 temere
377 2798 405 2851 iu
423 2814 528 2852 eassunr
548 2799 703 2866 frustraque
721 2800 814 2851 coacta
879 2811 926 2849 1000

71 2875 181 2927 tandein
199 2875 332 2928 coluerint
350 2891 382 2928 ea
401 2890 470 2942 quac
488 2879 617 2926 convecta
634 2877 748 2942 repente

71 2965 229 3015 magnarum
247 2966 338 3003 rerum
357 2951 455 3004 fierent
473 2949 586 3002 exordia
604 2965 719 3016 semper,
799 2966 804 2975 ·

63 3025 251 3076 toreumatis
268 3029 298 3079 et
314 3026 383 3080 caeti
400 3025 565 3094 generisque
582 3024 760 3077 animantum.

42 3109 133 3152 quare
150 3099 237 3151 etiam
258 3104 348 3171 atque
366 3103 455 3159 etiarn
474 3103 542 3157 talis
558 3102 669 3155 fateare
686 3112 801 3150 neeesse
818 3097 865 3147 est
1006 3153 1010 3160 ,

20 3176 90 3212 0³⁸0
105 3168 183 3222 alios
197 3174 275 3230 alibi
291 3195 472 3248 congressus
492 3175 655 3235 materias·
905 3177 962 3215 Μ
