2040 3426
516 124 552 180 II
918 127 955 187 51

144 231 214 296 Quin
231 230 312 285 etiam
331 230 433 297 <promo
450 226 478 280 in
495 228 590 294 partes
607 240 652 280 res
668 240 794 296 quaeque
811 226 930 284 minutas

109 307 269 364 distrahitur
287 305 381 371 inagis,
399 303 451 356 hoe
468 301 555 368 magis
572 302 616 354 est
632 304 665 355 ut
681 319 795 358 cernere
811 304 901 374 pessis

108 399 269 438 evanescere
288 379 420 450 paulatim
438 377 594 445 stinguique
611 377 744 443 colorem

108 465 139 515 ut
158 461 189 514 iit
206 459 252 513 ubi
269 459 297 511 in
314 472 413 527 paruus
430 453 518 524 partis
536 453 700 522 discerpitur
717 459 855 511 austrum:

107 552 229 605 purpura
247 535 447 605 poeniceusque
465 531 539 584 color
557 530 713 584 clarissimu’
732 531 826 600 multo,
921 547 958 588 sao

108 612 204 665 filatim
222 627 284 665 cum
302 609 466 663 distractum
484 611 535 675 est,
554 607 723 676 dispergitur
739 607 841 673 omnis;
855 625 864 639 ’π

107 703 221 741 noscere
237 689 270 740 ut
287 685 349 739 hine
367 685 453 754 possis
471 685 546 755 prius
563 700 671 737 omnem
688 682 781 737 efflare
798 683 916 739 colorem

108 762 256 830 particulas
274 779 356 831 quam
375 761 518 816 discedant
535 760 572 815 ad
589 760 693 814 semina
710 775 810 813 rerum.

146 838 286 893 Postremo
305 838 431 907 quoniam
450 854 503 892 non
522 837 611 891 omnia
628 851 743 906 corpora
759 849 854 889 vocem

107 913 220 968 mittere
237 914 362 969 concedis
379 930 468 982 neque
485 911 819 983 odoren1,proptereafit
921 927 958 966 sss

107 992 210 1044 utnon
228 991 352 1055 omnibus¹
369 991 510 1045 adtribuas
528 990 631 1043 sonitus
649 993 678 1043 et
696 987 802 1043 odores.

108 1066 146 1120 sie
165 1066 248 1120 oculis
265 1067 390 1135 quoniam
408 1083 461 1119 non
480 1065 570 1118 omnia
587 1080 700 1119 cernere
717 1064 831 1132 quimus,

108 1142 177 1195 scire
195 1141 260 1196 licet
277 1141 410 1211 quaedam
428 1145 485 1194 tam
502 1144 628 1194 constare
644 1140 713 1195 orba
730 1141 819 1194 colore

108 1233 189 1284 quam
207 1217 265 1272 sino
283 1217 367 1271 odoro
384 1216 439 1270 ullo
457 1217 591 1284 quaedam
609 1217 754 1284 sonituque
770 1218 884 1282 remota,

108 1307 158 1346 nec
170 1292 259 1346 ninus
270 1292 338 1346 haec
350 1292 468 1345 animum
480 1307 643 1359 cognoscere
654 1307 734 1360 posse
746 1307 870 1360 sagacem
920 1307 957 1344 aro

108 1384 190 1436 quam
208 1385 278 1437 quae
296 1370 360 1422 sunt
377 1367 436 1422 aliis
453 1366 536 1420 rebus
552 1366 661 1436 privata
678 1368 780 1420 notare.

143 1443 200 1497 Sed
216 1461 252 1498 ne
268 1445 341 1499 forte
358 1446 440 1514 putes
457 1442 514 1513 solo
532 1442 649 1511 spoliata
665 1442 756 1496 colore

108 1535 223 1589 corpora
239 1521 327 1589 prima
344 1535 461 1585 manera,
480 1518 564 1572 ctiam
581 1523 689 1572 secreta
706 1520 811 1588 teporis

108 1598 172 1649 sunt
189 1611 221 1650 ae
237 1596 346 1665 frigoris
363 1595 470 1649 omnino
487 1595 624 1663 calidique
641 1595 757 1664 vaporis

108 1673 144 1724 ct
155 1672 245 1725 sonitu
263 1672 356 1727 sterila
374 1675 403 1725 et
420 1687 484 1726 suco
501 1671 591 1725 ieiuna
607 1671 741 1740 tenuitur,
919 1688 957 1730 045

108 1763 158 1801 nec
174 1747 276 1802 iaciunt
292 1748 377 1802 ullum
395 1747 536 1816 proprium
555 1747 590 1801 do
608 1763 723 1817 corpore
740 1747 860 1802 odorem.

108 1823 178 1877 sicut
195 1824 340 1879 amaracini
357 1823 487 1876 blandum
505 1827 663 1891 stactaeque
680 1823 812 1893 liquorem

107 1902 139 1952 et
155 1899 235 1953 nardi
251 1900 353 1964 florem,
370 1902 465 1953 nectar
483 1899 530 1966 qui
546 1898 757 1966 naribmmlat

107 1991 170 2028 cum
187 1975 277 2030 iacere
293 1975 429 2042 instituas,
447 1990 509 2026 oum
526 1973 622 2042 primis
641 1988 773 2041 quaerero
789 1990 841 2042 par
857 1979 908 2043 est,

107 2049 199 2118 quoad
214 2050 280 2104 lieet
297 2067 329 2103 ae
346 2050 418 2119 potis
435 2065 465 2102 es
482 2047 613 2116 reperire,
629 2048 755 2102 inolentis
772 2049 835 2103 olivi
920 2067 957 2107 sae

107 2127 241 2192 naturam,
258 2125 360 2178 nullam
378 2141 448 2192 quae
464 2123 561 2177 mittat
577 2123 688 2177 naribus
705 2139 808 2191 auram,

106 2216 189 2268 quam
206 2199 317 2253 minime
334 2204 366 2253 ut
382 2200 469 2268 possit
485 2199 586 2253 mixtos
602 2198 632 2251 in
649 2213 763 2267 corporo
778 2199 877 2254 odores

106 2277 305 2343 concoctosque
323 2292 371 2328 suo
389 2277 562 2328 contractans
579 2272 697 2344 perdere
715 2273 780 2342 viro,

106 2353 222 2420 propter
241 2349 356 2404 eandem
374 2366 435 2404 rem
453 2348 557 2404 debent
573 2349 723 2420 primordia
739 2367 830 2407 rerum

107 2442 161 2480 non
180 2425 312 2480 adhibere
330 2441 407 2479 suum
425 2425 571 2494 gignundis
587 2425 670 2480 rebus
687 2426 799 2482 odorem
921 2445 959 2487 ⁸55

106 2519 157 2556 nee
175 2501 301 2570 sonitum,
319 2501 447 2571 quoniam
464 2501 502 2555 nil
520 2502 555 2555 ab
573 2518 602 2556 se
619 2502 732 2557 mittero
749 2507 870 2572 possunt,

106 2594 158 2632 nec
177 2577 258 2632 simili
275 2577 381 2632 rationo
400 2593 525 2647 saporem
544 2577 662 2646 denique
679 2595 844 2647 quemquam

105 2670 156 2708 nee
173 2653 260 2722 frigus
279 2669 368 2722 neque
385 2653 452 2706 item
470 2652 587 2706 calidum
607 2653 785 2722 tepidumque
803 2670 940 2724 vaporem,

106 2731 214 2794 eetera;
227 2744 297 2799 quae
309 2745 371 2783 eum
383 2728 423 2783 ita
436 2730 500 2781 sunt
510 2730 605 2782 tamen
617 2732 650 2782 ut
661 2729 787 2784 mortalia
798 2733 933 2797 constent,
952 2778 958 2788 .

105 2804 180 2858 molli
198 2804 282 2872 lenta,
299 2804 408 2871 fragosa
425 2803 506 2870 putri,
525 2819 592 2859 cava
609 2821 723 2874 corpore
740 2820 811 2872 raro,
922 2820 961 2862 sco

107 2880 197 2934 omnia
215 2880 270 2934 sint
287 2896 304 2932 a
321 2877 460 2949 principiis
478 2878 600 2933 seiuncta
617 2883 763 2948 necessest,
967 2879 969 2883 ’

103 2955 303 3024 inrnortaliasi
320 2955 443 3010 volumus
460 2954 624 3024 subiungere
641 2956 728 3011 relius

106 3031 286 3087 fundamenta
303 3031 402 3103 quibus
419 3029 528 3088 nitatur
547 3049 661 3088 summa
677 3031 803 3093 salutisa

98 3122 135 3158 nc
153 3106 205 3160 tibi
220 3123 267 3163 res
284 3110 408 3166 redeant
425 3109 468 3168 ad
484 3111 580 3168 nilum
597 3110 739 3168 funditus
756 3111 878 3159 πω-

122 3180 207 3237 ll'unc
219 3199 341 3257 eaquae
353 3189 470 3248 sentire
483 3190 628 3248 uidemus
642 3197 779 3252 cumque
787 3173 944 3232 neessffi
