<?xml version="1.0" encoding="UTF-8"?>
<!DOCTYPE html PUBLIC "-//W3C//DTD XHTML 1.0 Transitional//EN"
    "http://www.w3.org/TR/xhtml1/DTD/xhtml1-transitional.dtd">
<html xmlns="http://www.w3.org/1999/xhtml" xml:lang="en" lang="en">
 <head>
  <title>
</title>
<meta http-equiv="Content-Type" content="text/html;charset=utf-8" />
  <meta name='ocr-system' content='tesseract 3.04.00' />
  <meta name='ocr-capabilities' content='ocr_page ocr_carea ocr_par ocr_line ocrx_word'/>
</head>
<body>
  <div class='ocr_page' id='page_1' title='image "./dererumnaturali08carugoog/dererumnaturali08carugoog_0052.png"; bbox 0 0 2040 3426; ppageno 0'>
   <div class='ocr_carea' id='block_1_1' title="bbox 513 127 530 185">
    <p class='ocr_par' dir='ltr' id='par_1_1' title="bbox 513 127 530 185">
     <span class='ocr_line' id='line_1_1' title="bbox 513 127 530 185; baseline 0 0"><span class='ocrx_word' id='word_1_1' title='bbox 513 127 530 185; x_wconf 91' lang='grc' dir='ltr'>Ι</span> 
     </span>
    </p>
   </div>
   <div class='ocr_carea' id='block_1_2' title="bbox 43 229 947 2955">
    <p class='ocr_par' dir='ltr' id='par_1_2' title="bbox 96 229 782 679">
     <span class='ocr_line' id='line_1_2' title="bbox 97 229 742 302; baseline -0.003 -16"><span class='ocrx_word' id='word_1_2' title='bbox 97 229 261 300; x_wconf 69' lang='grc' dir='ltr'>ᾱίιιιιιίιιιι,’</span> <span class='ocrx_word' id='word_1_3' title='bbox 271 230 321 286; x_wconf 89' lang='lat' dir='ltr'>sed</span> <span class='ocrx_word' id='word_1_4' title='bbox 337 232 452 285; x_wconf 80' lang='lat' dir='ltr'>naturae</span> <span class='ocrx_word' id='word_1_5' title='bbox 468 230 573 299; x_wconf 87' lang='lat' dir='ltr'>species</span> <span class='ocrx_word' id='word_1_6' title='bbox 590 230 742 302; x_wconf 84' lang='lat' dir='ltr'>ratioque.</span> 
     </span>
     <span class='ocr_line' id='line_1_3' title="bbox 96 297 769 378; baseline -0.003 -17"><span class='ocrx_word' id='word_1_7' title='bbox 96 307 257 378; x_wconf 83' lang='lat' dir='ltr'>principium</span> <span class='ocrx_word' id='word_1_8' title='bbox 274 307 350 362; x_wconf 89' lang='lat' dir='ltr'>cuius</span> <span class='ocrx_word' id='word_1_9' title='bbox 367 306 430 360; x_wconf 90' lang='lat' dir='ltr'>hinc</span> <span class='ocrx_word' id='word_1_10' title='bbox 446 305 525 360; x_wconf 84' lang='lat' dir='ltr'>nobis</span> <span class='ocrx_word' id='word_1_11' title='bbox 541 305 653 363; x_wconf 84' lang='lat' dir='ltr'>exordia</span> <span class='ocrx_word' id='word_1_12' title='bbox 670 297 769 373; x_wconf 86' lang='lat' dir='ltr'>sumet,</span> 
     </span>
     <span class='ocr_line' id='line_1_4' title="bbox 96 381 774 470; baseline -0.001 -34"><span class='ocrx_word' id='word_1_13' title='bbox 96 384 197 437; x_wconf 88' lang='lat' dir='ltr'>nullam</span> <span class='ocrx_word' id='word_1_14' title='bbox 214 400 273 438; x_wconf 90' lang='lat' dir='ltr'>rem</span> <span class='ocrx_word' id='word_1_15' title='bbox 290 384 308 438; x_wconf 79' lang='lat' dir='ltr'>&#39;e</span> <span class='ocrx_word' id='word_1_16' title='bbox 324 384 380 436; x_wconf 93' lang='lat' dir='ltr'>nilo</span> <span class='ocrx_word' id='word_1_17' title='bbox 397 383 472 451; x_wconf 85' lang='lat' dir='ltr'>gigni</span> <span class='ocrx_word' id='word_1_18' title='bbox 490 381 620 436; x_wconf 88' lang='lat' dir='ltr'>divinitus</span> <span class='ocrx_word' id='word_1_19' title='bbox 637 398 774 470; x_wconf 81' lang='lat' dir='ltr'>umquarn.</span> 
     </span>
     <span class='ocr_line' id='line_1_5' title="bbox 96 457 782 529; baseline -0.003 -17"><span class='ocrx_word' id='word_1_20' title='bbox 96 459 198 529; x_wconf 91' lang='lat' dir='ltr'>quippe</span> <span class='ocrx_word' id='word_1_21' title='bbox 214 459 255 514; x_wconf 83' lang='lat' dir='ltr'>ita</span> <span class='ocrx_word' id='word_1_22' title='bbox 271 459 388 513; x_wconf 88' lang='lat' dir='ltr'>formido</span> <span class='ocrx_word' id='word_1_23' title='bbox 405 457 529 513; x_wconf 81' lang='lat' dir='ltr'>mortalis</span> <span class='ocrx_word' id='word_1_24' title='bbox 546 458 669 512; x_wconf 90' lang='lat' dir='ltr'>continet</span> <span class='ocrx_word' id='word_1_25' title='bbox 686 457 782 526; x_wconf 87' lang='lat' dir='ltr'>omnis,</span> 
     </span>
     <span class='ocr_line' id='line_1_6' title="bbox 97 534 772 602; baseline -0.001 -15"><span class='ocrx_word' id='word_1_26' title='bbox 97 535 171 601; x_wconf 91' lang='lat' dir='ltr'>quod</span> <span class='ocrx_word' id='word_1_27' title='bbox 186 535 273 589; x_wconf 84' lang='lat' dir='ltr'>multa</span> <span class='ocrx_word' id='word_1_28' title='bbox 290 534 418 589; x_wconf 85' lang='lat' dir='ltr'>interris</span> <span class='ocrx_word' id='word_1_29' title='bbox 435 534 495 588; x_wconf 89' lang='lat' dir='ltr'>fieri</span> <span class='ocrx_word' id='word_1_30' title='bbox 512 534 643 602; x_wconf 79' lang='lat' dir='ltr'>caeloque</span> <span class='ocrx_word' id='word_1_31' title='bbox 658 536 772 588; x_wconf 87' lang='lat' dir='ltr'>tuentur</span> 
     </span>
     <span class='ocr_line' id='line_1_7' title="bbox 96 608 782 679; baseline 0.003 -17"><span class='ocrx_word' id='word_1_32' title='bbox 96 626 212 678; x_wconf 88' lang='lat' dir='ltr'>quorum</span> <span class='ocrx_word' id='word_1_33' title='bbox 230 626 343 679; x_wconf 89' lang='lat' dir='ltr'>operum</span> <span class='ocrx_word' id='word_1_34' title='bbox 360 626 456 665; x_wconf 79' lang='lat' dir='ltr'><strong>causas</strong></span> <span class='ocrx_word' id='word_1_35' title='bbox 472 610 547 666; x_wconf 79' lang='lat' dir='ltr'>nulls</span> <span class='ocrx_word' id='word_1_36' title='bbox 564 610 670 664; x_wconf 82' lang='lat' dir='ltr'>ratione</span> <span class='ocrx_word' id='word_1_37' title='bbox 686 608 782 664; x_wconf 80' lang='lat' dir='ltr'>videre</span> 
     </span>
    </p>

    <p class='ocr_par' dir='ltr' id='par_1_3' title="bbox 46 686 694 753">
     <span class='ocr_line' id='line_1_8' title="bbox 46 686 694 753; baseline 0.002 -15"><span class='ocrx_word' id='word_1_38' title='bbox 46 698 48 702; x_wconf 84' lang='lat'>·</span> <span class='ocrx_word' id='word_1_39' title='bbox 96 689 211 753; x_wconf 77' lang='lat' dir='ltr'>possunt</span> <span class='ocrx_word' id='word_1_40' title='bbox 227 702 259 740; x_wconf 85' lang='lat' dir='ltr'>uo</span> <span class='ocrx_word' id='word_1_41' title='bbox 276 686 337 740; x_wconf 87' lang='lat' dir='ltr'>fieri</span> <span class='ocrx_word' id='word_1_42' title='bbox 355 686 446 740; x_wconf 87' lang='lat' dir='ltr'>divino</span> <span class='ocrx_word' id='word_1_43' title='bbox 463 686 575 741; x_wconf 86' lang='lat' dir='ltr'>numine</span> <span class='ocrx_word' id='word_1_44' title='bbox 590 689 694 740; x_wconf 90' lang='lat' dir='ltr'>rentur.</span> 
     </span>
    </p>

    <p class='ocr_par' dir='ltr' id='par_1_4' title="bbox 44 760 945 982">
     <span class='ocr_line' id='line_1_9' title="bbox 44 760 945 830; baseline 0.006 -21"><span class='ocrx_word' id='word_1_45' title='bbox 44 776 76 810; x_wconf 88' lang='grc' dir='ltr'>ιιι</span> <span class='ocrx_word' id='word_1_46' title='bbox 96 777 164 827; x_wconf 81' lang='lat' dir='ltr'>quus</span> <span class='ocrx_word' id='word_1_47' title='bbox 182 761 217 815; x_wconf 91' lang='lat' dir='ltr'>ob</span> <span class='ocrx_word' id='word_1_48' title='bbox 235 778 281 816; x_wconf 88' lang='lat' dir='ltr'>res</span> <span class='ocrx_word' id='word_1_49' title='bbox 298 761 346 816; x_wconf 91' lang='lat' dir='ltr'>ubi</span> <span class='ocrx_word' id='word_1_50' title='bbox 363 761 513 816; x_wconf 80' lang='lat' dir='ltr'>viderimus</span> <span class='ocrx_word' id='word_1_51' title='bbox 529 761 568 815; x_wconf 90' lang='lat' dir='ltr'>nil</span> <span class='ocrx_word' id='word_1_52' title='bbox 584 777 665 830; x_wconf 90' lang='lat' dir='ltr'>posse</span> <span class='ocrx_word' id='word_1_53' title='bbox 681 760 770 815; x_wconf 81' lang='lat' dir='ltr'>creari</span> <span class='ocrx_word' id='word_1_54' title='bbox 908 775 945 814; x_wconf 81' lang='grc' dir='ltr'>ιιι</span> 
     </span>
     <span class='ocr_line' id='line_1_10' title="bbox 96 834 813 907; baseline 0 -18"><span class='ocrx_word' id='word_1_55' title='bbox 96 837 136 890; x_wconf 89' lang='lat' dir='ltr'>de</span> <span class='ocrx_word' id='word_1_56' title='bbox 149 837 212 905; x_wconf 91' lang='lat' dir='ltr'>nilo,</span> <span class='ocrx_word' id='word_1_57' title='bbox 230 841 290 892; x_wconf 86' lang='lat' dir='ltr'>tum</span> <span class='ocrx_word' id='word_1_58' title='bbox 307 838 383 907; x_wconf 87' lang='lat' dir='ltr'>quod</span> <span class='ocrx_word' id='word_1_59' title='bbox 400 838 540 905; x_wconf 83' lang='lat' dir='ltr'>sequimur</span> <span class='ocrx_word' id='word_1_60' title='bbox 556 838 610 891; x_wconf 82' lang='lat' dir='ltr'>iem</span> <span class='ocrx_word' id='word_1_61' title='bbox 626 836 730 891; x_wconf 87' lang='lat' dir='ltr'>rectius</span> <span class='ocrx_word' id='word_1_62' title='bbox 746 834 813 889; x_wconf 87' lang='lat' dir='ltr'>inde</span> 
     </span>
     <span class='ocr_line' id='line_1_11' title="bbox 95 911 848 982; baseline 0 -17"><span class='ocrx_word' id='word_1_63' title='bbox 95 913 297 982; x_wconf 81' lang='lat' dir='ltr'><strong>perspiciemus,</strong></span> <span class='ocrx_word' id='word_1_64' title='bbox 315 918 344 968; x_wconf 90' lang='lat' dir='ltr'>et</span> <span class='ocrx_word' id='word_1_65' title='bbox 361 914 434 969; x_wconf 88' lang='lat' dir='ltr'>unde</span> <span class='ocrx_word' id='word_1_66' title='bbox 452 916 538 982; x_wconf 82' lang='lat' dir='ltr'>queat</span> <span class='ocrx_word' id='word_1_67' title='bbox 554 929 599 967; x_wconf 86' lang='lat' dir='ltr'>res</span> <span class='ocrx_word' id='word_1_68' title='bbox 617 929 742 980; x_wconf 79' lang='lat' dir='ltr'>quaeque</span> <span class='ocrx_word' id='word_1_69' title='bbox 759 911 848 965; x_wconf 85' lang='lat' dir='ltr'>creari</span> 
     </span>
    </p>

    <p class='ocr_par' dir='ltr' id='par_1_5' title="bbox 43 987 818 1059">
     <span class='ocr_line' id='line_1_12' title="bbox 43 987 818 1059; baseline 0.006 -23"><span class='ocrx_word' id='word_1_70' title='bbox 43 1005 76 1037; x_wconf 88' lang='grc' dir='ltr'>ιιι</span> <span class='ocrx_word' id='word_1_71' title='bbox 96 991 125 1041; x_wconf 88' lang='lat' dir='ltr'>et</span> <span class='ocrx_word' id='word_1_72' title='bbox 143 1005 197 1056; x_wconf 91' lang='lat' dir='ltr'>quo</span> <span class='ocrx_word' id='word_1_73' title='bbox 214 989 439 1059; x_wconf 80' lang='lat' dir='ltr'>quaeqnenrodo</span> <span class='ocrx_word' id='word_1_74' title='bbox 457 991 526 1043; x_wconf 85' lang='lat' dir='ltr'>fiunt</span> <span class='ocrx_word' id='word_1_75' title='bbox 543 1004 627 1058; x_wconf 82' lang='lat' dir='ltr'>opere</span> <span class='ocrx_word' id='word_1_76' title='bbox 644 988 701 1042; x_wconf 91' lang='lat' dir='ltr'>sine</span> <span class='ocrx_word' id='word_1_77' title='bbox 719 987 818 1054; x_wconf 83' lang='lat' dir='ltr'>divom.</span> 
     </span>
    </p>

    <p class='ocr_par' dir='ltr' id='par_1_6' title="bbox 43 1063 947 2801">
     <span class='ocr_line' id='line_1_13' title="bbox 43 1063 788 1134; baseline 0.013 -28"><span class='ocrx_word' id='word_1_78' title='bbox 43 1074 76 1108; x_wconf 84' lang='grc' dir='ltr'>ιιι</span> <span class='ocrx_word' id='word_1_79' title='bbox 131 1064 156 1117; x_wconf 90' lang='lat' dir='ltr'>N</span> <span class='ocrx_word' id='word_1_80' title='bbox 158 1082 202 1118; x_wconf 85' lang='lat' dir='ltr'>orn</span> <span class='ocrx_word' id='word_1_81' title='bbox 220 1066 243 1118; x_wconf 86' lang='lat' dir='ltr'>si</span> <span class='ocrx_word' id='word_1_82' title='bbox 261 1067 297 1120; x_wconf 90' lang='lat' dir='ltr'>de</span> <span class='ocrx_word' id='word_1_83' title='bbox 314 1065 370 1121; x_wconf 92' lang='lat' dir='ltr'>nilo</span> <span class='ocrx_word' id='word_1_84' title='bbox 387 1065 494 1134; x_wconf 89' lang='lat' dir='ltr'>fierent,</span> <span class='ocrx_word' id='word_1_85' title='bbox 512 1081 547 1118; x_wconf 84' lang='lat' dir='ltr'>ex</span> <span class='ocrx_word' id='word_1_86' title='bbox 564 1063 684 1118; x_wconf 83' lang='lat' dir='ltr'>oinnibu&#39;</span> <span class='ocrx_word' id='word_1_87' title='bbox 704 1063 788 1118; x_wconf 88' lang='lat' dir='ltr'>rebus</span> 
     </span>
     <span class='ocr_line' id='line_1_14' title="bbox 96 1140 945 1210; baseline 0 -19"><span class='ocrx_word' id='word_1_88' title='bbox 96 1155 175 1193; x_wconf 89' lang='lat' dir='ltr'>omne</span> <span class='ocrx_word' id='word_1_89' title='bbox 192 1157 278 1208; x_wconf 89' lang='lat' dir='ltr'>genus</span> <span class='ocrx_word' id='word_1_90' title='bbox 288 1140 371 1195; x_wconf 85' lang='lat' dir='ltr'>nesci</span> <span class='ocrx_word' id='word_1_91' title='bbox 388 1144 490 1210; x_wconf 88' lang='lat' dir='ltr'>posset,</span> <span class='ocrx_word' id='word_1_92' title='bbox 507 1140 546 1194; x_wconf 92' lang='lat' dir='ltr'>nil</span> <span class='ocrx_word' id='word_1_93' title='bbox 564 1140 667 1194; x_wconf 86' lang='lat' dir='ltr'>semine</span> <span class='ocrx_word' id='word_1_94' title='bbox 685 1143 788 1208; x_wconf 91' lang='lat' dir='ltr'>egeret.</span> <span class='ocrx_word' id='word_1_95' title='bbox 909 1153 945 1191; x_wconf 80' lang='lat' dir='ltr'>loo</span> 
     </span>
     <span class='ocr_line' id='line_1_15' title="bbox 95 1214 810 1284; baseline -0.001 -16"><span class='ocrx_word' id='word_1_96' title='bbox 95 1231 113 1268; x_wconf 87' lang='grc' dir='ltr'>ι</span> <span class='ocrx_word' id='word_1_97' title='bbox 129 1231 205 1268; x_wconf 82' lang='lat' dir='ltr'>muro</span> <span class='ocrx_word' id='word_1_98' title='bbox 222 1217 340 1284; x_wconf 87' lang='lat' dir='ltr'>primum</span> <span class='ocrx_word' id='word_1_99' title='bbox 357 1216 488 1281; x_wconf 88' lang='lat' dir='ltr'>homines,</span> <span class='ocrx_word' id='word_1_100' title='bbox 507 1231 523 1269; x_wconf 90' lang='lat' dir='ltr'>e</span> <span class='ocrx_word' id='word_1_101' title='bbox 539 1218 616 1269; x_wconf 80' lang='lat' dir='ltr'>terra</span> <span class='ocrx_word' id='word_1_102' title='bbox 632 1219 728 1284; x_wconf 86' lang='lat' dir='ltr'>posset</span> <span class='ocrx_word' id='word_1_103' title='bbox 744 1214 810 1268; x_wconf 91' lang='lat' dir='ltr'>oriri</span> 
     </span>
     <span class='ocr_line' id='line_1_16' title="bbox 95 1289 862 1358; baseline 0 -15"><span class='ocrx_word' id='word_1_104' title='bbox 95 1291 299 1358; x_wconf 85' lang='lat' dir='ltr'>squamigerum</span> <span class='ocrx_word' id='word_1_105' title='bbox 316 1306 403 1358; x_wconf 89' lang='lat' dir='ltr'>genus</span> <span class='ocrx_word' id='word_1_106' title='bbox 420 1293 450 1345; x_wconf 88' lang='lat' dir='ltr'>et</span> <span class='ocrx_word' id='word_1_107' title='bbox 467 1290 591 1344; x_wconf 84' lang='lat' dir='ltr'>volucres</span> <span class='ocrx_word' id='word_1_108' title='bbox 609 1306 753 1358; x_wconf 86' lang='lat' dir='ltr'>erumpere</span> <span class='ocrx_word' id='word_1_109' title='bbox 771 1289 862 1354; x_wconf 78' lang='lat' dir='ltr'>cue103</span> 
     </span>
     <span class='ocr_line' id='line_1_17' title="bbox 95 1363 903 1433; baseline -0.002 -15"><span class='ocrx_word' id='word_1_110' title='bbox 95 1368 220 1418; x_wconf 83' lang='lat' dir='ltr'>armenta</span> <span class='ocrx_word' id='word_1_111' title='bbox 236 1369 321 1432; x_wconf 84' lang='lat' dir='ltr'>utque</span> <span class='ocrx_word' id='word_1_112' title='bbox 339 1365 408 1418; x_wconf 81' lang='lat' dir='ltr'>uliae</span> <span class='ocrx_word' id='word_1_113' title='bbox 425 1363 553 1433; x_wconf 88' lang='lat' dir='ltr'>pecudes,</span> <span class='ocrx_word' id='word_1_114' title='bbox 570 1381 657 1432; x_wconf 81' lang='lat' dir='ltr'>genus</span> <span class='ocrx_word' id='word_1_115' title='bbox 676 1380 756 1417; x_wconf 88' lang='lat' dir='ltr'>omne</span> <span class='ocrx_word' id='word_1_116' title='bbox 773 1364 903 1432; x_wconf 79' lang='lat' dir='ltr'>ferarum,</span> 
     </span>
     <span class='ocr_line' id='line_1_18' title="bbox 95 1439 721 1508; baseline -0.003 -15"><span class='ocrx_word' id='word_1_117' title='bbox 95 1441 200 1494; x_wconf 89' lang='lat' dir='ltr'>incerto</span> <span class='ocrx_word' id='word_1_118' title='bbox 217 1443 300 1508; x_wconf 83' lang='lat' dir='ltr'>partu</span> <span class='ocrx_word' id='word_1_119' title='bbox 317 1439 392 1495; x_wconf 84' lang='lat' dir='ltr'>culta</span> <span class='ocrx_word' id='word_1_120' title='bbox 408 1456 440 1493; x_wconf 85' lang='lat' dir='ltr'>ac</span> <span class='ocrx_word' id='word_1_121' title='bbox 459 1439 570 1493; x_wconf 83' lang='lat' dir='ltr'>deserto</span> <span class='ocrx_word' id='word_1_122' title='bbox 587 1441 721 1493; x_wconf 89' lang='lat' dir='ltr'>tenerent.</span> 
     </span>
     <span class='ocr_line' id='line_1_19' title="bbox 94 1514 945 1580; baseline -0.002 -12"><span class='ocrx_word' id='word_1_123' title='bbox 94 1531 146 1569; x_wconf 88' lang='lat' dir='ltr'>neo</span> <span class='ocrx_word' id='word_1_124' title='bbox 162 1516 267 1570; x_wconf 87' lang='lat' dir='ltr'>fruetus</span> <span class='ocrx_word' id='word_1_125' title='bbox 283 1515 358 1572; x_wconf 88' lang='lat' dir='ltr'>idem</span> <span class='ocrx_word' id='word_1_126' title='bbox 375 1514 518 1569; x_wconf 82' lang='lat' dir='ltr'>arboribus</span> <span class='ocrx_word' id='word_1_127' title='bbox 535 1517 661 1569; x_wconf 76' lang='lat' dir='ltr'>constare</span> <span class='ocrx_word' id='word_1_128' title='bbox 679 1514 806 1580; x_wconf 81' lang='lat' dir='ltr'>solerent,</span> <span class='ocrx_word' id='word_1_129' title='bbox 909 1528 945 1567; x_wconf 82' lang='grc' dir='ltr'>ιιι</span> 
     </span>
     <span class='ocr_line' id='line_1_20' title="bbox 96 1590 791 1660; baseline 0 -16"><span class='ocrx_word' id='word_1_130' title='bbox 96 1590 146 1644; x_wconf 89' lang='lat' dir='ltr'>sed</span> <span class='ocrx_word' id='word_1_131' title='bbox 162 1594 344 1660; x_wconf 74' lang='lat' dir='ltr'>mutarentur,</span> <span class='ocrx_word' id='word_1_132' title='bbox 360 1591 434 1646; x_wconf 87' lang='lat' dir='ltr'>ferre</span> <span class='ocrx_word' id='word_1_133' title='bbox 451 1607 545 1645; x_wconf 89' lang='lat' dir='ltr'>omnes</span> <span class='ocrx_word' id='word_1_134' title='bbox 563 1591 654 1644; x_wconf 79' lang='lat' dir='ltr'>omnia</span> <span class='ocrx_word' id='word_1_135' title='bbox 671 1593 791 1659; x_wconf 84' lang='lat' dir='ltr'>possent</span> 
     </span>
     <span class='ocr_line' id='line_1_21' title="bbox 96 1666 846 1738; baseline -0.001 -18"><span class='ocrx_word' id='word_1_136' title='bbox 96 1667 198 1736; x_wconf 90' lang='lat' dir='ltr'>quippe</span> <span class='ocrx_word' id='word_1_137' title='bbox 214 1667 334 1738; x_wconf 87' lang='lat' dir='ltr'>ubinon</span> <span class='ocrx_word' id='word_1_138' title='bbox 351 1671 444 1722; x_wconf 86' lang='lat' dir='ltr'>essent</span> <span class='ocrx_word' id='word_1_139' title='bbox 460 1667 592 1736; x_wconf 75' lang='lat' dir='ltr'>genitalia</span> <span class='ocrx_word' id='word_1_140' title='bbox 608 1682 723 1736; x_wconf 83' lang='lat' dir='ltr'>corpore</span> <span class='ocrx_word' id='word_1_141' title='bbox 740 1666 846 1736; x_wconf 89' lang='lat' dir='ltr'>cuique,</span> 
     </span>
     <span class='ocr_line' id='line_1_22' title="bbox 96 1743 739 1812; baseline 0.003 -16"><span class='ocrx_word' id='word_1_142' title='bbox 96 1743 143 1811; x_wconf 91' lang='lat' dir='ltr'>qui</span> <span class='ocrx_word' id='word_1_143' title='bbox 160 1746 254 1812; x_wconf 88' lang='lat' dir='ltr'>posset</span> <span class='ocrx_word' id='word_1_144' title='bbox 270 1748 361 1798; x_wconf 81' lang='lat' dir='ltr'>mater</span> <span class='ocrx_word' id='word_1_145' title='bbox 376 1744 461 1798; x_wconf 84' lang='lat' dir='ltr'>rebus</span> <span class='ocrx_word' id='word_1_146' title='bbox 478 1743 628 1798; x_wconf 85' lang='lat' dir='ltr'>consistere</span> <span class='ocrx_word' id='word_1_147' title='bbox 645 1745 739 1798; x_wconf 76' lang='lat' dir='ltr'>certat</span> 
     </span>
     <span class='ocr_line' id='line_1_23' title="bbox 96 1819 858 1888; baseline 0.004 -17"><span class='ocrx_word' id='word_1_148' title='bbox 96 1821 127 1872; x_wconf 87' lang='lat' dir='ltr'>et</span> <span class='ocrx_word' id='word_1_149' title='bbox 142 1835 214 1874; x_wconf 90' lang='lat' dir='ltr'>nunc</span> <span class='ocrx_word' id='word_1_150' title='bbox 231 1819 381 1874; x_wconf 87' lang='lat' dir='ltr'>seminibus</span> <span class='ocrx_word' id='word_1_151' title='bbox 398 1820 463 1888; x_wconf 81' lang='lat' dir='ltr'>quie</span> <span class='ocrx_word' id='word_1_152' title='bbox 479 1820 563 1874; x_wconf 89' lang='lat' dir='ltr'>certis</span> <span class='ocrx_word' id='word_1_153' title='bbox 581 1836 707 1888; x_wconf 84' lang='lat' dir='ltr'>quaeque</span> <span class='ocrx_word' id='word_1_154' title='bbox 724 1823 858 1887; x_wconf 67' lang='lat' dir='ltr'>creuntun</span> 
     </span>
     <span class='ocr_line' id='line_1_24' title="bbox 96 1893 945 1964; baseline 0.002 -18"><span class='ocrx_word' id='word_1_155' title='bbox 96 1893 161 1948; x_wconf 89' lang='lat' dir='ltr'>inde</span> <span class='ocrx_word' id='word_1_156' title='bbox 178 1895 314 1950; x_wconf 82' lang='lat' dir='ltr'>enascitur</span> <span class='ocrx_word' id='word_1_157' title='bbox 332 1898 416 1964; x_wconf 84' lang='lat' dir='ltr'>utque</span> <span class='ocrx_word' id='word_1_158' title='bbox 434 1912 496 1949; x_wconf 84' lang='lat' dir='ltr'>oras</span> <span class='ocrx_word' id='word_1_159' title='bbox 513 1895 542 1948; x_wconf 93' lang='lat' dir='ltr'>in</span> <span class='ocrx_word' id='word_1_160' title='bbox 559 1895 669 1949; x_wconf 89' lang='lat' dir='ltr'>luminis</span> <span class='ocrx_word' id='word_1_161' title='bbox 688 1896 753 1963; x_wconf 86' lang='lat' dir='ltr'>exit,</span> <span class='ocrx_word' id='word_1_162' title='bbox 908 1911 945 1950; x_wconf 82' lang='grc' dir='ltr'>ιιι</span> 
     </span>
     <span class='ocr_line' id='line_1_25' title="bbox 96 1971 826 2039; baseline 0 -15"><span class='ocrx_word' id='word_1_163' title='bbox 96 1971 224 2024; x_wconf 80' lang='lat' dir='ltr'>materies</span> <span class='ocrx_word' id='word_1_164' title='bbox 242 1971 289 2024; x_wconf 91' lang='lat' dir='ltr'>ubi</span> <span class='ocrx_word' id='word_1_165' title='bbox 307 1971 379 2025; x_wconf 89' lang='lat' dir='ltr'>inest</span> <span class='ocrx_word' id='word_1_166' title='bbox 397 1971 529 2039; x_wconf 88' lang='lat' dir='ltr'>cuiusque</span> <span class='ocrx_word' id='word_1_167' title='bbox 547 1975 576 2025; x_wconf 91' lang='lat' dir='ltr'>et</span> <span class='ocrx_word' id='word_1_168' title='bbox 594 1987 708 2038; x_wconf 83' lang='lat' dir='ltr'>corpore</span> <span class='ocrx_word' id='word_1_169' title='bbox 723 1973 826 2039; x_wconf 87' lang='lat' dir='ltr'>prima;</span> 
     </span>
     <span class='ocr_line' id='line_1_26' title="bbox 96 2046 859 2116; baseline 0.004 -18"><span class='ocrx_word' id='word_1_170' title='bbox 96 2049 180 2114; x_wconf 85' lang='lat' dir='ltr'>atque</span> <span class='ocrx_word' id='word_1_171' title='bbox 198 2048 249 2101; x_wconf 84' lang='lat' dir='ltr'>hac</span> <span class='ocrx_word' id='word_1_172' title='bbox 267 2063 298 2100; x_wconf 88' lang='lat' dir='ltr'>re</span> <span class='ocrx_word' id='word_1_173' title='bbox 314 2051 456 2116; x_wconf 88' lang='lat' dir='ltr'>nequeunt</span> <span class='ocrx_word' id='word_1_174' title='bbox 474 2063 508 2100; x_wconf 82' lang='lat' dir='ltr'>ex</span> <span class='ocrx_word' id='word_1_175' title='bbox 526 2046 651 2101; x_wconf 84' lang='lat' dir='ltr'>omnibus</span> <span class='ocrx_word' id='word_1_176' title='bbox 670 2048 759 2100; x_wconf 83' lang='lat' dir='ltr'>omniu</span> <span class='ocrx_word' id='word_1_177' title='bbox 775 2048 859 2116; x_wconf 88' lang='lat' dir='ltr'>gigni,</span> 
     </span>
     <span class='ocr_line' id='line_1_27' title="bbox 97 2121 774 2189; baseline 0.003 -15"><span class='ocrx_word' id='word_1_178' title='bbox 97 2123 172 2189; x_wconf 86' lang='lat' dir='ltr'>quod</span> <span class='ocrx_word' id='word_1_179' title='bbox 189 2124 272 2177; x_wconf 85' lang='lat' dir='ltr'>certis</span> <span class='ocrx_word' id='word_1_180' title='bbox 288 2123 317 2176; x_wconf 90' lang='lat' dir='ltr'>in</span> <span class='ocrx_word' id='word_1_181' title='bbox 328 2122 418 2176; x_wconf 83' lang='lat' dir='ltr'>rebus</span> <span class='ocrx_word' id='word_1_182' title='bbox 435 2122 509 2176; x_wconf 90' lang='lat' dir='ltr'>inest</span> <span class='ocrx_word' id='word_1_183' title='bbox 526 2126 634 2177; x_wconf 84' lang='lat' dir='ltr'>secretu</span> <span class='ocrx_word' id='word_1_184' title='bbox 650 2121 774 2176; x_wconf 83' lang='lat' dir='ltr'>facultas.</span> 
     </span>
     <span class='ocr_line' id='line_1_28' title="bbox 95 2197 774 2266; baseline 0.001 -17"><span class='ocrx_word' id='word_1_185' title='bbox 95 2201 242 2265; x_wconf 81' lang='lat' dir='ltr'>praetereo</span> <span class='ocrx_word' id='word_1_186' title='bbox 259 2214 308 2252; x_wconf 89' lang='lat' dir='ltr'>cur</span> <span class='ocrx_word' id='word_1_187' title='bbox 325 2215 390 2253; x_wconf 79' lang='lat' dir='ltr'>vere</span> <span class='ocrx_word' id='word_1_188' title='bbox 407 2214 504 2263; x_wconf 83' lang='lat' dir='ltr'>rosam,</span> <span class='ocrx_word' id='word_1_189' title='bbox 520 2198 660 2251; x_wconf 79' lang='lat' dir='ltr'>frumenta</span> <span class='ocrx_word' id='word_1_190' title='bbox 676 2197 774 2266; x_wconf 82' lang='lat' dir='ltr'>calore,</span> 
     </span>
     <span class='ocr_line' id='line_1_29' title="bbox 96 2272 946 2339; baseline -0.004 -9"><span class='ocrx_word' id='word_1_191' title='bbox 96 2273 167 2330; x_wconf 88' lang='lat' dir='ltr'>vites</span> <span class='ocrx_word' id='word_1_192' title='bbox 184 2275 315 2326; x_wconf 81' lang='lat' dir='ltr'>autumno</span> <span class='ocrx_word' id='word_1_193' title='bbox 332 2273 410 2326; x_wconf 88' lang='lat' dir='ltr'>fundi</span> <span class='ocrx_word' id='word_1_194' title='bbox 428 2272 561 2326; x_wconf 82' lang='lat' dir='ltr'>suadente</span> <span class='ocrx_word' id='word_1_195' title='bbox 578 2272 710 2339; x_wconf 86' lang='lat' dir='ltr'>videmus,</span> <span class='ocrx_word' id='word_1_196' title='bbox 910 2289 946 2327; x_wconf 80' lang='grc' dir='ltr'>ιιι</span> 
     </span>
     <span class='ocr_line' id='line_1_30' title="bbox 96 2347 817 2417; baseline -0.003 -11"><span class='ocrx_word' id='word_1_197' title='bbox 96 2352 120 2406; x_wconf 92' lang='lat' dir='ltr'>si</span> <span class='ocrx_word' id='word_1_198' title='bbox 137 2366 199 2416; x_wconf 91' lang='lat' dir='ltr'>non,</span> <span class='ocrx_word' id='word_1_199' title='bbox 218 2351 295 2402; x_wconf 84' lang='lat' dir='ltr'>certo</span> <span class='ocrx_word' id='word_1_200' title='bbox 305 2365 362 2402; x_wconf 86' lang='lat' dir='ltr'>suo</span> <span class='ocrx_word' id='word_1_201' title='bbox 380 2348 445 2417; x_wconf 82' lang='lat' dir='ltr'>quio</span> <span class='ocrx_word' id='word_1_202' title='bbox 462 2352 587 2417; x_wconf 89' lang='lat' dir='ltr'>tempore</span> <span class='ocrx_word' id='word_1_203' title='bbox 604 2347 708 2402; x_wconf 84' lang='lat' dir='ltr'>semine</span> <span class='ocrx_word' id='word_1_204' title='bbox 724 2365 817 2404; x_wconf 89' lang='lat' dir='ltr'>rernm</span> 
     </span>
     <span class='ocr_line' id='line_1_31' title="bbox 96 2424 830 2494; baseline -0.001 -12"><span class='ocrx_word' id='word_1_205' title='bbox 96 2443 159 2482; x_wconf 90' lang='lat' dir='ltr'>cum</span> <span class='ocrx_word' id='word_1_206' title='bbox 177 2424 373 2493; x_wconf 85' lang='lat' dir='ltr'>confluxerunt,</span> <span class='ocrx_word' id='word_1_207' title='bbox 390 2424 488 2494; x_wconf 83' lang='lat' dir='ltr'>patefit</span> <span class='ocrx_word' id='word_1_208' title='bbox 506 2424 698 2494; x_wconf 89' lang='lat' dir='ltr'>quodcumque</span> <span class='ocrx_word' id='word_1_209' title='bbox 714 2429 830 2494; x_wconf 75' lang='lat' dir='ltr'>creetur,</span> 
     </span>
     <span class='ocr_line' id='line_1_32' title="bbox 97 2501 736 2569; baseline -0.003 -11"><span class='ocrx_word' id='word_1_210' title='bbox 97 2504 163 2558; x_wconf 83' lang='lat' dir='ltr'>dum</span> <span class='ocrx_word' id='word_1_211' title='bbox 180 2503 368 2569; x_wconf 84' lang='lat' dir='ltr'>tempestates</span> <span class='ocrx_word' id='word_1_212' title='bbox 378 2501 480 2557; x_wconf 81' lang='lat' dir='ltr'>adsunt</span> <span class='ocrx_word' id='word_1_213' title='bbox 497 2504 527 2557; x_wconf 90' lang='lat' dir='ltr'>et</span> <span class='ocrx_word' id='word_1_214' title='bbox 544 2501 636 2556; x_wconf 82' lang='lat' dir='ltr'>vivida</span> <span class='ocrx_word' id='word_1_215' title='bbox 653 2502 736 2557; x_wconf 85' lang='lat' dir='ltr'>tellus</span> 
     </span>
     <span class='ocr_line' id='line_1_33' title="bbox 97 2579 714 2634; baseline 0 0"><span class='ocrx_word' id='word_1_216' title='bbox 97 2583 159 2634; x_wconf 88' lang='lat' dir='ltr'>tuto</span> <span class='ocrx_word' id='word_1_217' title='bbox 176 2595 221 2633; x_wconf 87' lang='lat' dir='ltr'>res</span> <span class='ocrx_word' id='word_1_218' title='bbox 238 2581 348 2633; x_wconf 87' lang='lat' dir='ltr'>teneras</span> <span class='ocrx_word' id='word_1_219' title='bbox 366 2579 445 2634; x_wconf 83' lang='lat' dir='ltr'>effert</span> <span class='ocrx_word' id='word_1_220' title='bbox 462 2579 492 2632; x_wconf 91' lang='lat' dir='ltr'>in</span> <span class='ocrx_word' id='word_1_221' title='bbox 508 2579 619 2632; x_wconf 89' lang='lat' dir='ltr'>luminis</span> <span class='ocrx_word' id='word_1_222' title='bbox 636 2581 714 2634; x_wconf 77' lang='lat' dir='ltr'>orosi</span> 
     </span>
     <span class='ocr_line' id='line_1_34' title="bbox 97 2654 947 2726; baseline 0.002 -17"><span class='ocrx_word' id='word_1_223' title='bbox 97 2654 213 2726; x_wconf 85' lang='lat' dir='ltr'>quodsi</span> <span class='ocrx_word' id='word_1_224' title='bbox 232 2654 267 2709; x_wconf 88' lang='lat' dir='ltr'>de</span> <span class='ocrx_word' id='word_1_225' title='bbox 284 2655 340 2708; x_wconf 90' lang='lat' dir='ltr'>nilo</span> <span class='ocrx_word' id='word_1_226' title='bbox 356 2656 463 2724; x_wconf 86' lang='lat' dir='ltr'>fierent,</span> <span class='ocrx_word' id='word_1_227' title='bbox 482 2657 573 2710; x_wconf 90' lang='lat' dir='ltr'>subito</span> <span class='ocrx_word' id='word_1_228' title='bbox 591 2659 770 2710; x_wconf 82' lang='lat' dir='ltr'>exorerentur</span> <span class='ocrx_word' id='word_1_229' title='bbox 910 2672 947 2711; x_wconf 82' lang='lat' dir='ltr'>roo</span> 
     </span>
     <span class='ocr_line' id='line_1_35' title="bbox 96 2731 758 2801; baseline -0.002 -15"><span class='ocrx_word' id='word_1_230' title='bbox 96 2733 201 2786; x_wconf 86' lang='lat' dir='ltr'>incerto</span> <span class='ocrx_word' id='word_1_231' title='bbox 219 2731 308 2800; x_wconf 81' lang='lat' dir='ltr'>spatio</span> <span class='ocrx_word' id='word_1_232' title='bbox 325 2735 410 2801; x_wconf 85' lang='lat' dir='ltr'>atque</span> <span class='ocrx_word' id='word_1_233' title='bbox 428 2733 525 2787; x_wconf 80' lang='lat' dir='ltr'>olienis</span> <span class='ocrx_word' id='word_1_234' title='bbox 542 2732 668 2801; x_wconf 83' lang='lat' dir='ltr'>partibus</span> <span class='ocrx_word' id='word_1_235' title='bbox 686 2733 758 2800; x_wconf 84' lang='lat' dir='ltr'>enni,</span> 
     </span>
    </p>

    <p class='ocr_par' dir='ltr' id='par_1_7' title="bbox 47 2807 852 2955">
     <span class='ocr_line' id='line_1_36' title="bbox 47 2807 852 2898; baseline -0.001 -37"><span class='ocrx_word' id='word_1_236' title='bbox 47 2859 50 2868; x_wconf 82' lang='grc'><strong>,</strong></span> <span class='ocrx_word' id='word_1_237' title='bbox 97 2808 198 2877; x_wconf 92' lang='lat' dir='ltr'>qnippe</span> <span class='ocrx_word' id='word_1_238' title='bbox 215 2808 264 2861; x_wconf 89' lang='lat' dir='ltr'>ubi</span> <span class='ocrx_word' id='word_1_239' title='bbox 280 2808 355 2862; x_wconf 83' lang='lat' dir='ltr'>nulls</span> <span class='ocrx_word' id='word_1_240' title='bbox 372 2809 464 2862; x_wconf 86' lang='lat' dir='ltr'>forent</span> <span class='ocrx_word' id='word_1_241' title='bbox 481 2807 639 2898; x_wconf 77' lang='lat' dir='ltr'>primordie</span> <span class='ocrx_word' id='word_1_242' title='bbox 649 2824 719 2875; x_wconf 82' lang='lat' dir='ltr'>quus</span> <span class='ocrx_word' id='word_1_243' title='bbox 736 2807 852 2875; x_wconf 77' lang='lat' dir='ltr'>genitali</span> 
     </span>
     <span class='ocr_line' id='line_1_37' title="bbox 97 2883 807 2955; baseline 0.001 -18"><span class='ocrx_word' id='word_1_244' title='bbox 97 2885 209 2939; x_wconf 88' lang='lat' dir='ltr'>concilio</span> <span class='ocrx_word' id='word_1_245' title='bbox 225 2887 338 2955; x_wconf 83' lang='lat' dir='ltr'>possent</span> <span class='ocrx_word' id='word_1_246' title='bbox 355 2885 444 2938; x_wconf 79' lang='lat' dir='ltr'>arceri</span> <span class='ocrx_word' id='word_1_247' title='bbox 461 2884 610 2951; x_wconf 90' lang='lat' dir='ltr'>tempore</span> <span class='ocrx_word' id='word_1_248' title='bbox 602 2883 703 2952; x_wconf 87' lang='lat' dir='ltr'>miquo.</span> <span class='ocrx_word' id='word_1_249' title='bbox 795 2900 807 2923; x_wconf 63' lang='grc' dir='ltr'>ι</span> 
     </span>
    </p>
   </div>
   <div class='ocr_carea' id='block_1_3' title="bbox 97 2959 995 3062">
    <p class='ocr_par' dir='ltr' id='par_1_8' title="bbox 97 2959 995 3062">
     <span class='ocr_line' id='line_1_38' title="bbox 97 2959 995 3062; baseline -0.009 -46"><span class='ocrx_word' id='word_1_250' title='bbox 97 2977 149 3016; x_wconf 89' lang='lat' dir='ltr'>nee</span> <span class='ocrx_word' id='word_1_251' title='bbox 159 2978 246 3051; x_wconf 37' lang='lat' dir='ltr'>&#39;porro</span> <span class='ocrx_word' id='word_1_252' title='bbox 262 2960 396 3029; x_wconf 84' lang='lat' dir='ltr'>augendis</span> <span class='ocrx_word' id='word_1_253' title='bbox 412 2959 495 3014; x_wconf 89' lang='lat' dir='ltr'>rebus</span> <span class='ocrx_word' id='word_1_254' title='bbox 513 2959 602 3028; x_wconf 83' lang='lat' dir='ltr'>spatio</span> <span class='ocrx_word' id='word_1_255' title='bbox 619 2960 695 3012; x_wconf 74' lang='lat' dir='ltr'>toret</span> <span class='ocrx_word' id='word_1_256' title='bbox 707 2975 782 3010; x_wconf 78' lang='lat' dir='ltr'>usus</span> <span class='ocrx_word' id='word_1_257' title='bbox 946 3027 995 3062; x_wconf 40' lang='lat' dir='ltr'>Q</span> 
     </span>
    </p>
   </div>
   <div class='ocr_carea' id='block_1_4' title="bbox 79 3031 899 3271">
    <p class='ocr_par' dir='ltr' id='par_1_9' title="bbox 79 3031 899 3271">
     <span class='ocr_line' id='line_1_39' title="bbox 97 3031 869 3108; baseline -0.017 -18"><span class='ocrx_word' id='word_1_258' title='bbox 97 3039 208 3092; x_wconf 86' lang='lat' dir='ltr'>seminis</span> <span class='ocrx_word' id='word_1_259' title='bbox 225 3038 261 3093; x_wconf 86' lang='lat' dir='ltr'>ed</span> <span class='ocrx_word' id='word_1_260' title='bbox 279 3039 381 3094; x_wconf 88' lang='lat' dir='ltr'>coitum</span> <span class='ocrx_word' id='word_1_261' title='bbox 384 3035 436 3108; x_wconf 88' lang='lat' dir='ltr'>,si</span> <span class='ocrx_word' id='word_1_262' title='bbox 453 3054 471 3094; x_wconf 87' lang='lat' dir='ltr'>e</span> <span class='ocrx_word' id='word_1_263' title='bbox 486 3036 547 3092; x_wconf 81' lang='lat' dir='ltr'>niio</span> <span class='ocrx_word' id='word_1_264' title='bbox 564 3050 698 3092; x_wconf 81' lang='lat' dir='ltr'>crescere</span> <span class='ocrx_word' id='word_1_265' title='bbox 711 3031 869 3108; x_wconf 63' lang='lat' dir='ltr'>possent</span> 
     </span>
     <span class='ocr_line' id='line_1_40' title="bbox 87 3096 899 3176; baseline -0.002 -6"><span class='ocrx_word' id='word_1_266' title='bbox 87 3127 152 3164; x_wconf 72' lang='lat' dir='ltr'>num</span> <span class='ocrx_word' id='word_1_267' title='bbox 168 3112 300 3172; x_wconf 79' lang='lat' dir='ltr'>nerent</span> <span class='ocrx_word' id='word_1_268' title='bbox 291 3134 411 3176; x_wconf 84' lang='lat' dir='ltr'>ruvenes</span> <span class='ocrx_word' id='word_1_269' title='bbox 431 3117 534 3176; x_wconf 83' lang='lat' dir='ltr'>subito</span> <span class='ocrx_word' id='word_1_270' title='bbox 552 3132 594 3172; x_wconf 76' lang='lat' dir='ltr'>ex</span> <span class='ocrx_word' id='word_1_271' title='bbox 608 3105 769 3168; x_wconf 62' lang='lat' dir='ltr'>tumtun</span> <span class='ocrx_word' id='word_1_272' title='bbox 786 3096 899 3169; x_wconf 49' lang='grc' dir='ltr'>ΨΜ</span> 
     </span>
     <span class='ocr_line' id='line_1_41' title="bbox 79 3176 853 3271; baseline -0.025 -23"><span class='ocrx_word' id='word_1_273' title='bbox 79 3200 98 3237; x_wconf 76' lang='grc' dir='ltr'><strong><em>θ</em></strong></span> <span class='ocrx_word' id='word_1_274' title='bbox 115 3189 250 3262; x_wconf 68' lang='lat' dir='ltr'>teneque</span> <span class='ocrx_word' id='word_1_275' title='bbox 269 3200 380 3255; x_wconf 78' lang='lat' dir='ltr'>exorta</span> <span class='ocrx_word' id='word_1_276' title='bbox 396 3201 533 3271; x_wconf 86' lang='lat' dir='ltr'>repente</span> <span class='ocrx_word' id='word_1_277' title='bbox 552 3193 688 3252; x_wconf 65' lang='lat' dir='ltr'>erhusto,</span> <span class='ocrx_word' id='word_1_278' title='bbox 706 3176 853 3239; x_wconf 58' lang='lat' dir='ltr'>suism-</span> 
     </span>
    </p>
   </div>
   <div class='ocr_carea' id='block_1_5' title="bbox 0 0 1027 3426">
    <p class='ocr_par' dir='ltr' id='par_1_10' title="bbox 0 0 1027 3426">
     <span class='ocr_line' id='line_1_42' title="bbox 0 0 1027 3426; baseline 0 0"><span class='ocrx_word' id='word_1_279' title='bbox 0 0 1027 3426; x_wconf 95' lang='lat' dir='ltr'> </span> 
     </span>
    </p>
   </div>
  </div>
 </body>
</html>
