<?xml version="1.0" encoding="UTF-8"?>
<!DOCTYPE html PUBLIC "-//W3C//DTD XHTML 1.0 Transitional//EN"
    "http://www.w3.org/TR/xhtml1/DTD/xhtml1-transitional.dtd">
<html xmlns="http://www.w3.org/1999/xhtml" xml:lang="en" lang="en">
 <head>
  <title>
</title>
<meta http-equiv="Content-Type" content="text/html;charset=utf-8" />
  <meta name='ocr-system' content='tesseract 3.04.00' />
  <meta name='ocr-capabilities' content='ocr_page ocr_carea ocr_par ocr_line ocrx_word'/>
</head>
<body>
  <div class='ocr_page' id='page_1' title='image "./dererumnaturali08carugoog/dererumnaturali08carugoog_0197.png"; bbox 0 0 2040 3426; ppageno 0'>
   <div class='ocr_carea' id='block_1_1' title="bbox 24 118 1006 3246">
    <p class='ocr_par' dir='ltr' id='par_1_1' title="bbox 24 118 1006 3246">
     <span class='ocr_line' id='line_1_1' title="bbox 75 118 519 181; baseline -0.009 -2"><span class='ocrx_word' id='word_1_1' title='bbox 75 123 130 181; x_wconf 84' lang='lat'>150</span> <span class='ocrx_word' id='word_1_2' title='bbox 487 118 519 175; x_wconf 72' lang='lat' dir='ltr'><strong>V</strong></span> 
     </span>
     <span class='ocr_line' id='line_1_2' title="bbox 69 220 800 291; baseline 0.001 -15"><span class='ocrx_word' id='word_1_3' title='bbox 69 222 163 278; x_wconf 91' lang='lat' dir='ltr'>ulcisci</span> <span class='ocrx_word' id='word_1_4' title='bbox 180 239 262 290; x_wconf 88' lang='lat' dir='ltr'>quam</span> <span class='ocrx_word' id='word_1_5' title='bbox 279 235 351 276; x_wconf 88' lang='lat' dir='ltr'>nunc</span> <span class='ocrx_word' id='word_1_6' title='bbox 367 223 553 276; x_wconf 81' lang='lat' dir='ltr'>concessumst</span> <span class='ocrx_word' id='word_1_7' title='bbox 570 220 679 290; x_wconf 85' lang='lat' dir='ltr'>legibus</span> <span class='ocrx_word' id='word_1_8' title='bbox 695 222 800 291; x_wconf 78' lang='lat' dir='ltr'>aequis,</span> 
     </span>
     <span class='ocr_line' id='line_1_3' title="bbox 70 297 930 364; baseline 0.002 -13"><span class='ocrx_word' id='word_1_9' title='bbox 70 299 140 352; x_wconf 90' lang='lat' dir='ltr'>hano</span> <span class='ocrx_word' id='word_1_10' title='bbox 152 297 737 364; x_wconf 87' lang='lat' dir='ltr'>obremesthominespertaesumvicolere</span> <span class='ocrx_word' id='word_1_11' title='bbox 745 313 850 353; x_wconf 87' lang='lat' dir='ltr'>aevom.</span> <span class='ocrx_word' id='word_1_12' title='bbox 879 313 930 353; x_wconf 87' lang='grc'><strong>1111</strong></span> 
     </span>
     <span class='ocr_line' id='line_1_4' title="bbox 70 372 783 440; baseline 0.003 -14"><span class='ocrx_word' id='word_1_13' title='bbox 70 375 134 428; x_wconf 90' lang='lat' dir='ltr'>inde</span> <span class='ocrx_word' id='word_1_14' title='bbox 151 377 242 427; x_wconf 88' lang='lat' dir='ltr'>metus</span> <span class='ocrx_word' id='word_1_15' title='bbox 259 372 378 425; x_wconf 83' lang='lat' dir='ltr'>maculat</span> <span class='ocrx_word' id='word_1_16' title='bbox 395 389 545 440; x_wconf 87' lang='lat' dir='ltr'>poenarum</span> <span class='ocrx_word' id='word_1_17' title='bbox 562 374 685 440; x_wconf 88' lang='lat' dir='ltr'>praemia</span> <span class='ocrx_word' id='word_1_18' title='bbox 702 374 783 428; x_wconf 85' lang='lat' dir='ltr'>vitae.</span> 
     </span>
     <span class='ocr_line' id='line_1_5' title="bbox 70 448 758 516; baseline 0 -13"><span class='ocrx_word' id='word_1_19' title='bbox 70 450 237 503; x_wconf 90' lang='lat' dir='ltr'>circumretit</span> <span class='ocrx_word' id='word_1_20' title='bbox 254 449 327 502; x_wconf 90' lang='lat' dir='ltr'>enim</span> <span class='ocrx_word' id='word_1_21' title='bbox 344 448 386 502; x_wconf 90' lang='lat' dir='ltr'>vis</span> <span class='ocrx_word' id='word_1_22' title='bbox 404 451 488 515; x_wconf 89' lang='lat' dir='ltr'>atque</span> <span class='ocrx_word' id='word_1_23' title='bbox 505 448 604 501; x_wconf 87' lang='lat' dir='ltr'>iniuria</span> <span class='ocrx_word' id='word_1_24' title='bbox 622 465 758 516; x_wconf 88' lang='lat' dir='ltr'>quemque</span> 
     </span>
     <span class='ocr_line' id='line_1_6' title="bbox 71 523 859 595; baseline 0.005 -18"><span class='ocrx_word' id='word_1_25' title='bbox 71 529 161 595; x_wconf 83' lang='lat' dir='ltr'>atque,</span> <span class='ocrx_word' id='word_1_26' title='bbox 180 525 253 578; x_wconf 82' lang='lat' dir='ltr'>unde</span> <span class='ocrx_word' id='word_1_27' title='bbox 271 527 400 591; x_wconf 81' lang='lat' dir='ltr'>exortast,</span> <span class='ocrx_word' id='word_1_28' title='bbox 419 523 456 576; x_wconf 89' lang='lat' dir='ltr'>ad</span> <span class='ocrx_word' id='word_1_29' title='bbox 473 540 536 578; x_wconf 91' lang='lat' dir='ltr'>eum</span> <span class='ocrx_word' id='word_1_30' title='bbox 553 524 715 593; x_wconf 88' lang='lat' dir='ltr'>plerumque</span> <span class='ocrx_word' id='word_1_31' title='bbox 733 527 859 594; x_wconf 85' lang='lat' dir='ltr'>revertit,</span> 
     </span>
     <span class='ocr_line' id='line_1_7' title="bbox 71 599 903 669; baseline 0.004 -16"><span class='ocrx_word' id='word_1_32' title='bbox 71 617 121 655; x_wconf 90' lang='lat' dir='ltr'>nec</span> <span class='ocrx_word' id='word_1_33' title='bbox 137 601 244 656; x_wconf 74' lang='lat' dir='ltr'>facilest</span> <span class='ocrx_word' id='word_1_34' title='bbox 261 599 396 668; x_wconf 82' lang='lat' dir='ltr'>placidam</span> <span class='ocrx_word' id='word_1_35' title='bbox 414 616 446 653; x_wconf 92' lang='lat' dir='ltr'>ac</span> <span class='ocrx_word' id='word_1_36' title='bbox 462 603 589 668; x_wconf 77' lang='lat' dir='ltr'><strong>pacatam</strong></span> <span class='ocrx_word' id='word_1_37' title='bbox 607 599 710 668; x_wconf 88' lang='lat' dir='ltr'>degere</span> <span class='ocrx_word' id='word_1_38' title='bbox 727 602 814 656; x_wconf 85' lang='lat' dir='ltr'>vitam</span> <span class='ocrx_word' id='word_1_39' title='bbox 899 665 903 669; x_wconf 23' lang='lat'><strong>⁴</strong></span> 
     </span>
     <span class='ocr_line' id='line_1_8' title="bbox 71 675 928 746; baseline 0.006 -17"><span class='ocrx_word' id='word_1_40' title='bbox 71 677 119 746; x_wconf 90' lang='lat' dir='ltr'>qui</span> <span class='ocrx_word' id='word_1_41' title='bbox 136 678 219 731; x_wconf 91' lang='lat' dir='ltr'>violat</span> <span class='ocrx_word' id='word_1_42' title='bbox 236 677 316 730; x_wconf 85' lang='lat' dir='ltr'>factis</span> <span class='ocrx_word' id='word_1_43' title='bbox 334 677 486 729; x_wconf 90' lang='lat' dir='ltr'>communia</span> <span class='ocrx_word' id='word_1_44' title='bbox 503 675 616 730; x_wconf 81' lang='lat' dir='ltr'><strong>foedera</strong></span> <span class='ocrx_word' id='word_1_45' title='bbox 632 676 716 745; x_wconf 82' lang='lat' dir='ltr'>pacis.</span> <span class='ocrx_word' id='word_1_46' title='bbox 769 712 772 719; x_wconf 88' lang='lat'>-</span> <span class='ocrx_word' id='word_1_47' title='bbox 879 695 928 734; x_wconf 85' lang='grc'><strong>1111</strong></span> 
     </span>
     <span class='ocr_line' id='line_1_9' title="bbox 72 747 777 821; baseline 0.001 -15"><span class='ocrx_word' id='word_1_48' title='bbox 72 753 125 806; x_wconf 87' lang='lat' dir='ltr'>etsi</span> <span class='ocrx_word' id='word_1_49' title='bbox 141 753 212 807; x_wconf 88' lang='lat' dir='ltr'>fallit</span> <span class='ocrx_word' id='word_1_50' title='bbox 230 753 302 806; x_wconf 88' lang='lat' dir='ltr'>enim</span> <span class='ocrx_word' id='word_1_51' title='bbox 321 752 418 806; x_wconf 87' lang='lat' dir='ltr'>divom</span> <span class='ocrx_word' id='word_1_52' title='bbox 430 769 517 820; x_wconf 83' lang='lat' dir='ltr'>genus</span> <span class='ocrx_word' id='word_1_53' title='bbox 534 752 745 821; x_wconf 87' lang='lat' dir='ltr'>humanumque,</span> <span class='ocrx_word' id='word_1_54' title='bbox 771 747 777 762; x_wconf 78' lang='lat'>⁸</span> 
     </span>
     <span class='ocr_line' id='line_1_10' title="bbox 72 826 788 896; baseline 0.003 -16"><span class='ocrx_word' id='word_1_55' title='bbox 72 832 205 896; x_wconf 87' lang='lat' dir='ltr'>perpetuo</span> <span class='ocrx_word' id='word_1_56' title='bbox 222 832 315 882; x_wconf 87' lang='lat' dir='ltr'>tamen</span> <span class='ocrx_word' id='word_1_57' title='bbox 332 827 526 886; x_wconf 73' lang='grc'><strong>1111111111]</strong></span> <span class='ocrx_word' id='word_1_58' title='bbox 544 826 669 882; x_wconf 88' lang='lat' dir='ltr'>diffidere</span> <span class='ocrx_word' id='word_1_59' title='bbox 687 827 788 896; x_wconf 88' lang='lat' dir='ltr'>debet;</span> 
     </span>
     <span class='ocr_line' id='line_1_11' title="bbox 73 903 834 974; baseline 0.005 -18"><span class='ocrx_word' id='word_1_60' title='bbox 73 905 173 974; x_wconf 83' lang='lat' dir='ltr'>quippe</span> <span class='ocrx_word' id='word_1_61' title='bbox 192 904 238 957; x_wconf 93' lang='lat' dir='ltr'>ubi</span> <span class='ocrx_word' id='word_1_62' title='bbox 257 921 286 958; x_wconf 88' lang='lat' dir='ltr'>se</span> <span class='ocrx_word' id='word_1_63' title='bbox 303 903 383 959; x_wconf 88' lang='lat' dir='ltr'>multi</span> <span class='ocrx_word' id='word_1_64' title='bbox 400 920 450 971; x_wconf 84' lang='lat' dir='ltr'>per</span> <span class='ocrx_word' id='word_1_65' title='bbox 468 903 572 957; x_wconf 79' lang='lat' dir='ltr'>somnia</span> <span class='ocrx_word' id='word_1_66' title='bbox 589 919 671 972; x_wconf 89' lang='lat' dir='ltr'>saepe</span> <span class='ocrx_word' id='word_1_67' title='bbox 688 903 834 973; x_wconf 83' lang='lat' dir='ltr'>loquentes</span> 
     </span>
     <span class='ocr_line' id='line_1_12' title="bbox 72 979 688 1047; baseline -0.002 -14"><span class='ocrx_word' id='word_1_68' title='bbox 72 980 231 1033; x_wconf 86' lang='lat' dir='ltr'>autmorbo</span> <span class='ocrx_word' id='word_1_69' title='bbox 249 980 398 1033; x_wconf 86' lang='lat' dir='ltr'>delirantes</span> <span class='ocrx_word' id='word_1_70' title='bbox 415 982 546 1047; x_wconf 82' lang='lat' dir='ltr'>protraxe</span> <span class='ocrx_word' id='word_1_71' title='bbox 562 979 688 1033; x_wconf 87' lang='lat' dir='ltr'>ferantur</span> 
     </span>
     <span class='ocr_line' id='line_1_13' title="bbox 72 1053 929 1131; baseline 0.001 -23"><span class='ocrx_word' id='word_1_72' title='bbox 72 1059 102 1109; x_wconf 87' lang='lat' dir='ltr'>ot</span> <span class='ocrx_word' id='word_1_73' title='bbox 119 1056 206 1109; x_wconf 89' lang='lat' dir='ltr'>celata</span> <span class='ocrx_word' id='word_1_74' title='bbox 223 1056 301 1108; x_wconf 81' lang='lat' dir='ltr'>malo</span> <span class='ocrx_word' id='word_1_75' title='bbox 318 1055 346 1107; x_wconf 91' lang='lat' dir='ltr'>in</span> <span class='ocrx_word' id='word_1_76' title='bbox 364 1055 486 1108; x_wconf 89' lang='lat' dir='ltr'>medium</span> <span class='ocrx_word' id='word_1_77' title='bbox 503 1058 533 1109; x_wconf 87' lang='lat' dir='ltr'>et</span> <span class='ocrx_word' id='word_1_78' title='bbox 549 1053 810 1131; x_wconf 66' lang='lat' dir='ltr'>peceatadedisse]</span> <span class='ocrx_word' id='word_1_79' title='bbox 878 1070 929 1109; x_wconf 89' lang='lat' dir='ltr'>noo</span> 
     </span>
     <span class='ocr_line' id='line_1_14' title="bbox 107 1129 911 1199; baseline 0.002 -16"><span class='ocrx_word' id='word_1_80' title='bbox 107 1131 187 1183; x_wconf 92' lang='lat' dir='ltr'>Nunc</span> <span class='ocrx_word' id='word_1_81' title='bbox 205 1147 275 1199; x_wconf 88' lang='lat' dir='ltr'>quac</span> <span class='ocrx_word' id='word_1_82' title='bbox 292 1147 374 1184; x_wconf 88' lang='lat' dir='ltr'>causa</span> <span class='ocrx_word' id='word_1_83' title='bbox 391 1129 474 1183; x_wconf 85' lang='lat' dir='ltr'>deum</span> <span class='ocrx_word' id='word_1_84' title='bbox 490 1145 541 1198; x_wconf 87' lang='lat' dir='ltr'>per</span> <span class='ocrx_word' id='word_1_85' title='bbox 558 1146 671 1198; x_wconf 85' lang='lat' dir='ltr'>magnas</span> <span class='ocrx_word' id='word_1_86' title='bbox 688 1130 800 1185; x_wconf 88' lang='lat' dir='ltr'>numina</span> <span class='ocrx_word' id='word_1_87' title='bbox 816 1131 911 1199; x_wconf 88' lang='lat' dir='ltr'>gentis</span> 
     </span>
     <span class='ocr_line' id='line_1_15' title="bbox 73 1206 751 1274; baseline 0.01 -18"><span class='ocrx_word' id='word_1_88' title='bbox 73 1206 241 1274; x_wconf 86' lang='lat' dir='ltr'>pervulgarit</span> <span class='ocrx_word' id='word_1_89' title='bbox 259 1209 288 1260; x_wconf 91' lang='lat' dir='ltr'>et</span> <span class='ocrx_word' id='word_1_90' title='bbox 300 1223 413 1260; x_wconf 86' lang='lat' dir='ltr'>ararum</span> <span class='ocrx_word' id='word_1_91' title='bbox 431 1206 608 1274; x_wconf 78' lang='lat' dir='ltr'>compleverit</span> <span class='ocrx_word' id='word_1_92' title='bbox 625 1206 702 1260; x_wconf 86' lang='lat' dir='ltr'>urbis</span> <span class='ocrx_word' id='word_1_93' title='bbox 747 1235 751 1263; x_wconf 72' lang='grc'>1</span> 
     </span>
     <span class='ocr_line' id='line_1_16' title="bbox 74 1281 770 1351; baseline 0 -17"><span class='ocrx_word' id='word_1_94' title='bbox 74 1282 301 1351; x_wconf 84' lang='lat' dir='ltr'>suscipiendaque</span> <span class='ocrx_word' id='word_1_95' title='bbox 318 1281 422 1336; x_wconf 84' lang='lat' dir='ltr'>curarit</span> <span class='ocrx_word' id='word_1_96' title='bbox 441 1281 581 1336; x_wconf 86' lang='lat' dir='ltr'>sollemnia</span> <span class='ocrx_word' id='word_1_97' title='bbox 598 1297 683 1350; x_wconf 85' lang='lat' dir='ltr'>sacra,</span> <span class='ocrx_word' id='word_1_98' title='bbox 765 1309 770 1318; x_wconf 48' lang='grc' dir='ltr'><em>ι</em></span> 
     </span>
     <span class='ocr_line' id='line_1_17' title="bbox 73 1357 851 1426; baseline 0.003 -16"><span class='ocrx_word' id='word_1_99' title='bbox 73 1375 143 1426; x_wconf 90' lang='lat' dir='ltr'>quae</span> <span class='ocrx_word' id='word_1_100' title='bbox 160 1374 231 1412; x_wconf 90' lang='lat' dir='ltr'>nunc</span> <span class='ocrx_word' id='word_1_101' title='bbox 248 1359 277 1410; x_wconf 92' lang='lat' dir='ltr'>in</span> <span class='ocrx_word' id='word_1_102' title='bbox 294 1357 400 1425; x_wconf 87' lang='lat' dir='ltr'>magnis</span> <span class='ocrx_word' id='word_1_103' title='bbox 417 1357 516 1410; x_wconf 88' lang='lat' dir='ltr'>florent</span> <span class='ocrx_word' id='word_1_104' title='bbox 534 1373 611 1410; x_wconf 88' lang='lat' dir='ltr'>sacra</span> <span class='ocrx_word' id='word_1_105' title='bbox 627 1357 704 1410; x_wconf 85' lang='lat' dir='ltr'>rebu&#39;</span> <span class='ocrx_word' id='word_1_106' title='bbox 723 1357 851 1426; x_wconf 81' lang='lat' dir='ltr'>locisque,</span> 
     </span>
     <span class='ocr_line' id='line_1_18' title="bbox 73 1431 927 1487; baseline 0 -1"><span class='ocrx_word' id='word_1_107' title='bbox 73 1433 148 1487; x_wconf 88' lang='lat' dir='ltr'>unde</span> <span class='ocrx_word' id='word_1_108' title='bbox 165 1434 248 1487; x_wconf 90' lang='lat' dir='ltr'>etiam</span> <span class='ocrx_word' id='word_1_109' title='bbox 266 1450 338 1486; x_wconf 90' lang='lat' dir='ltr'>nunc</span> <span class='ocrx_word' id='word_1_110' title='bbox 356 1437 399 1486; x_wconf 90' lang='lat' dir='ltr'>est</span> <span class='ocrx_word' id='word_1_111' title='bbox 415 1431 579 1487; x_wconf 80' lang='lat' dir='ltr'>mortalibus</span> <span class='ocrx_word' id='word_1_112' title='bbox 596 1432 695 1486; x_wconf 89' lang='lat' dir='ltr'>insitus</span> <span class='ocrx_word' id='word_1_113' title='bbox 712 1433 811 1486; x_wconf 88' lang='lat' dir='ltr'>horror</span> <span class='ocrx_word' id='word_1_114' title='bbox 879 1447 927 1487; x_wconf 88' lang='grc'><strong>1111</strong></span> 
     </span>
     <span class='ocr_line' id='line_1_19' title="bbox 74 1507 729 1576; baseline -0.003 -14"><span class='ocrx_word' id='word_1_115' title='bbox 74 1510 120 1576; x_wconf 91' lang='lat' dir='ltr'>qui</span> <span class='ocrx_word' id='word_1_116' title='bbox 138 1509 253 1562; x_wconf 89' lang='lat' dir='ltr'>delubra</span> <span class='ocrx_word' id='word_1_117' title='bbox 271 1510 353 1562; x_wconf 90' lang='lat' dir='ltr'>deum</span> <span class='ocrx_word' id='word_1_118' title='bbox 371 1524 440 1562; x_wconf 90' lang='lat' dir='ltr'>nova</span> <span class='ocrx_word' id='word_1_119' title='bbox 458 1510 518 1561; x_wconf 88' lang='lat' dir='ltr'>toto</span> <span class='ocrx_word' id='word_1_120' title='bbox 536 1508 651 1562; x_wconf 86' lang='lat' dir='ltr'>suscitat</span> <span class='ocrx_word' id='word_1_121' title='bbox 669 1507 729 1561; x_wconf 85' lang='lat' dir='ltr'>orbi</span> 
     </span>
     <span class='ocr_line' id='line_1_20' title="bbox 73 1582 726 1651; baseline -0.002 -14"><span class='ocrx_word' id='word_1_122' title='bbox 73 1588 209 1637; x_wconf 85' lang='lat' dir='ltr'>terrarum</span> <span class='ocrx_word' id='word_1_123' title='bbox 227 1589 256 1638; x_wconf 87' lang='lat' dir='ltr'>et</span> <span class='ocrx_word' id='word_1_124' title='bbox 273 1585 352 1637; x_wconf 84' lang='lat' dir='ltr'>festis</span> <span class='ocrx_word' id='word_1_125' title='bbox 370 1585 445 1651; x_wconf 80' lang='lat' dir='ltr'>cogit</span> <span class='ocrx_word' id='word_1_126' title='bbox 462 1583 601 1637; x_wconf 87' lang='lat' dir='ltr'>celebrare</span> <span class='ocrx_word' id='word_1_127' title='bbox 620 1582 726 1649; x_wconf 86' lang='lat' dir='ltr'>diebus,</span> 
     </span>
     <span class='ocr_line' id='line_1_21' title="bbox 73 1657 741 1716; baseline 0 -6"><span class='ocrx_word' id='word_1_128' title='bbox 73 1675 127 1710; x_wconf 90' lang='lat' dir='ltr'>nou</span> <span class='ocrx_word' id='word_1_129' title='bbox 144 1659 184 1711; x_wconf 87' lang='lat' dir='ltr'>ita</span> <span class='ocrx_word' id='word_1_130' title='bbox 202 1659 338 1712; x_wconf 87' lang='lat' dir='ltr'>difficilest</span> <span class='ocrx_word' id='word_1_131' title='bbox 355 1660 490 1712; x_wconf 89' lang='lat' dir='ltr'>rationem</span> <span class='ocrx_word' id='word_1_132' title='bbox 507 1657 741 1716; x_wconf 86' lang='lat' dir='ltr'>reddereverbis.</span> 
     </span>
     <span class='ocr_line' id='line_1_22' title="bbox 75 1734 805 1802; baseline 0.001 -15"><span class='ocrx_word' id='word_1_133' title='bbox 75 1735 175 1802; x_wconf 90' lang='lat' dir='ltr'>quippe</span> <span class='ocrx_word' id='word_1_134' title='bbox 193 1735 295 1787; x_wconf 87' lang='lat' dir='ltr'>etenim</span> <span class='ocrx_word' id='word_1_135' title='bbox 312 1735 366 1786; x_wconf 90' lang='lat' dir='ltr'>iam</span> <span class='ocrx_word' id='word_1_136' title='bbox 384 1738 443 1787; x_wconf 88' lang='lat' dir='ltr'>tum</span> <span class='ocrx_word' id='word_1_137' title='bbox 461 1734 553 1788; x_wconf 89' lang='lat' dir='ltr'>divom</span> <span class='ocrx_word' id='word_1_138' title='bbox 570 1734 698 1788; x_wconf 85' lang='lat' dir='ltr'>mortalia</span> <span class='ocrx_word' id='word_1_139' title='bbox 716 1734 805 1788; x_wconf 84' lang='lat' dir='ltr'>saecla</span> 
     </span>
     <span class='ocr_line' id='line_1_23' title="bbox 75 1809 928 1877; baseline 0.004 -16"><span class='ocrx_word' id='word_1_140' title='bbox 75 1809 199 1877; x_wconf 87' lang='lat' dir='ltr'>egregias</span> <span class='ocrx_word' id='word_1_141' title='bbox 209 1810 306 1862; x_wconf 63' lang='lat' dir='ltr'>‘animo</span> <span class='ocrx_word' id='word_1_142' title='bbox 323 1809 407 1862; x_wconf 91' lang='lat' dir='ltr'>facies</span> <span class='ocrx_word' id='word_1_143' title='bbox 424 1810 555 1877; x_wconf 82' lang='lat' dir='ltr'>vigilante</span> <span class='ocrx_word' id='word_1_144' title='bbox 572 1809 703 1863; x_wconf 84' lang='lat' dir='ltr'>videbant</span> <span class='ocrx_word' id='word_1_145' title='bbox 880 1822 928 1864; x_wconf 82' lang='grc'><strong>1111</strong></span> 
     </span>
     <span class='ocr_line' id='line_1_24' title="bbox 75 1885 758 1954; baseline -0.001 -15"><span class='ocrx_word' id='word_1_146' title='bbox 75 1890 104 1939; x_wconf 91' lang='grc'>61</span> <span class='ocrx_word' id='word_1_147' title='bbox 120 1887 206 1954; x_wconf 87' lang='lat' dir='ltr'>magis</span> <span class='ocrx_word' id='word_1_148' title='bbox 223 1886 251 1939; x_wconf 91' lang='lat' dir='ltr'>in</span> <span class='ocrx_word' id='word_1_149' title='bbox 270 1886 371 1939; x_wconf 91' lang='lat' dir='ltr'>somnis</span> <span class='ocrx_word' id='word_1_150' title='bbox 387 1886 512 1938; x_wconf 90' lang='lat' dir='ltr'>mirando</span> <span class='ocrx_word' id='word_1_151' title='bbox 530 1885 652 1954; x_wconf 88' lang='lat' dir='ltr'>corporis</span> <span class='ocrx_word' id='word_1_152' title='bbox 668 1894 758 1938; x_wconf 88' lang='lat' dir='ltr'>auctu</span> 
     </span>
     <span class='ocr_line' id='line_1_25' title="bbox 74 1961 786 2030; baseline -0.003 -15"><span class='ocrx_word' id='word_1_153' title='bbox 74 1962 117 2015; x_wconf 89' lang='lat' dir='ltr'>his</span> <span class='ocrx_word' id='word_1_154' title='bbox 134 1963 218 2030; x_wconf 87' lang='lat' dir='ltr'>igitur</span> <span class='ocrx_word' id='word_1_155' title='bbox 237 1979 345 2016; x_wconf 88' lang='lat' dir='ltr'>sensum</span> <span class='ocrx_word' id='word_1_156' title='bbox 363 1961 521 2015; x_wconf 88' lang='lat' dir='ltr'>tribuebant</span> <span class='ocrx_word' id='word_1_157' title='bbox 539 1964 686 2030; x_wconf 88' lang='lat' dir='ltr'>propterea</span> <span class='ocrx_word' id='word_1_158' title='bbox 704 1961 786 2028; x_wconf 81' lang='lat' dir='ltr'>quod·</span> 
     </span>
     <span class='ocr_line' id='line_1_26' title="bbox 75 2035 809 2104; baseline -0.001 -14"><span class='ocrx_word' id='word_1_159' title='bbox 75 2037 198 2091; x_wconf 86' lang='lat' dir='ltr'>membra</span> <span class='ocrx_word' id='word_1_160' title='bbox 215 2054 324 2091; x_wconf 89' lang='lat' dir='ltr'>movere</span> <span class='ocrx_word' id='word_1_161' title='bbox 342 2038 506 2091; x_wconf 90' lang='lat' dir='ltr'>videbantur</span> <span class='ocrx_word' id='word_1_162' title='bbox 523 2053 659 2104; x_wconf 89' lang='lat' dir='ltr'>vocesque</span> <span class='ocrx_word' id='word_1_163' title='bbox 677 2035 809 2104; x_wconf 88' lang='lat' dir='ltr'>superbas</span> 
     </span>
     <span class='ocr_line' id='line_1_27' title="bbox 75 2110 835 2181; baseline -0.001 -16"><span class='ocrx_word' id='word_1_164' title='bbox 75 2114 187 2167; x_wconf 89' lang='lat' dir='ltr'>mittere</span> <span class='ocrx_word' id='word_1_165' title='bbox 204 2130 254 2181; x_wconf 92' lang='lat' dir='ltr'>pro</span> <span class='ocrx_word' id='word_1_166' title='bbox 270 2113 340 2167; x_wconf 90' lang='lat' dir='ltr'>facie</span> <span class='ocrx_word' id='word_1_167' title='bbox 357 2112 498 2181; x_wconf 88' lang='lat' dir='ltr'>praeclara</span> <span class='ocrx_word' id='word_1_168' title='bbox 515 2116 545 2167; x_wconf 89' lang='lat' dir='ltr'>et</span> <span class='ocrx_word' id='word_1_169' title='bbox 561 2112 666 2166; x_wconf 86' lang='lat' dir='ltr'>viribus</span> <span class='ocrx_word' id='word_1_170' title='bbox 683 2110 787 2180; x_wconf 88' lang='lat' dir='ltr'>amplis.</span> <span class='ocrx_word' id='word_1_171' title='bbox 833 2144 835 2148; x_wconf 93' lang='lat'><em>-</em></span> 
     </span>
     <span class='ocr_line' id='line_1_28' title="bbox 76 2188 1006 2257; baseline 0 -15"><span class='ocrx_word' id='word_1_172' title='bbox 76 2192 271 2256; x_wconf 85' lang='lat' dir='ltr'>aeternamque</span> <span class='ocrx_word' id='word_1_173' title='bbox 289 2189 393 2243; x_wconf 83' lang='lat' dir='ltr'>(labant</span> <span class='ocrx_word' id='word_1_174' title='bbox 409 2188 502 2254; x_wconf 88' lang='lat' dir='ltr'>vitam,</span> <span class='ocrx_word' id='word_1_175' title='bbox 521 2188 585 2256; x_wconf 86' lang='lat' dir='ltr'>quia</span> <span class='ocrx_word' id='word_1_176' title='bbox 603 2204 711 2257; x_wconf 88' lang='lat' dir='ltr'>semper</span> <span class='ocrx_word' id='word_1_177' title='bbox 728 2202 823 2241; x_wconf 88' lang='lat' dir='ltr'>eorum</span> <span class='ocrx_word' id='word_1_178' title='bbox 879 2201 927 2244; x_wconf 81' lang='grc'><strong>1111</strong></span> <span class='ocrx_word' id='word_1_179' title='bbox 1003 2198 1006 2203; x_wconf 89' lang='grc'><strong>’</strong></span> 
     </span>
     <span class='ocr_line' id='line_1_29' title="bbox 77 2263 710 2334; baseline 0.003 -18"><span class='ocrx_word' id='word_1_180' title='bbox 77 2264 304 2334; x_wconf 84' lang='lat' dir='ltr'>subpeditabatur</span> <span class='ocrx_word' id='word_1_181' title='bbox 320 2265 404 2318; x_wconf 87' lang='lat' dir='ltr'>facies</span> <span class='ocrx_word' id='word_1_182' title='bbox 421 2268 450 2318; x_wconf 88' lang='lat' dir='ltr'>et</span> <span class='ocrx_word' id='word_1_183' title='bbox 467 2263 556 2318; x_wconf 86' lang='lat' dir='ltr'>forma</span> <span class='ocrx_word' id='word_1_184' title='bbox 573 2264 710 2331; x_wconf 87' lang='lat' dir='ltr'>manebat,</span> 
     </span>
     <span class='ocr_line' id='line_1_30' title="bbox 77 2340 766 2408; baseline 0 -16"><span class='ocrx_word' id='word_1_185' title='bbox 77 2344 106 2392; x_wconf 89' lang='grc'>11</span> <span class='ocrx_word' id='word_1_186' title='bbox 123 2344 215 2394; x_wconf 87' lang='lat' dir='ltr'>tamen</span> <span class='ocrx_word' id='word_1_187' title='bbox 233 2342 340 2394; x_wconf 90' lang='lat' dir='ltr'>omnino</span> <span class='ocrx_word' id='word_1_188' title='bbox 357 2341 431 2408; x_wconf 83' lang='lat' dir='ltr'>quod</span> <span class='ocrx_word' id='word_1_189' title='bbox 449 2341 533 2396; x_wconf 89' lang='lat' dir='ltr'>tantis</span> <span class='ocrx_word' id='word_1_190' title='bbox 550 2340 653 2394; x_wconf 89' lang='lat' dir='ltr'>viribus</span> <span class='ocrx_word' id='word_1_191' title='bbox 671 2344 766 2394; x_wconf 88' lang='lat' dir='ltr'>auctos</span> 
     </span>
     <span class='ocr_line' id='line_1_31' title="bbox 78 2415 765 2484; baseline 0.003 -18"><span class='ocrx_word' id='word_1_192' title='bbox 78 2431 131 2468; x_wconf 85' lang='lat' dir='ltr'>uon</span> <span class='ocrx_word' id='word_1_193' title='bbox 148 2418 253 2469; x_wconf 87' lang='lat' dir='ltr'>temere</span> <span class='ocrx_word' id='word_1_194' title='bbox 269 2416 326 2468; x_wconf 87' lang='lat' dir='ltr'>ulla</span> <span class='ocrx_word' id='word_1_195' title='bbox 341 2417 368 2469; x_wconf 92' lang='lat' dir='ltr'>vi</span> <span class='ocrx_word' id='word_1_196' title='bbox 386 2417 509 2470; x_wconf 80' lang='lat' dir='ltr'>convinci</span> <span class='ocrx_word' id='word_1_197' title='bbox 526 2432 606 2484; x_wconf 90' lang='lat' dir='ltr'>posse</span> <span class='ocrx_word' id='word_1_198' title='bbox 623 2415 765 2484; x_wconf 90' lang='lat' dir='ltr'>putabant.</span> 
     </span>
     <span class='ocr_line' id='line_1_32' title="bbox 77 2490 744 2561; baseline 0.003 -19"><span class='ocrx_word' id='word_1_199' title='bbox 77 2490 248 2558; x_wconf 86' lang='lat' dir='ltr'>fortunisque</span> <span class='ocrx_word' id='word_1_200' title='bbox 265 2490 327 2543; x_wconf 89' lang='lat' dir='ltr'>ideo</span> <span class='ocrx_word' id='word_1_201' title='bbox 344 2491 425 2559; x_wconf 90' lang='lat' dir='ltr'>longe</span> <span class='ocrx_word' id='word_1_202' title='bbox 442 2496 583 2560; x_wconf 89' lang='lat' dir='ltr'>praestaro</span> <span class='ocrx_word' id='word_1_203' title='bbox 601 2491 744 2561; x_wconf 88' lang='lat' dir='ltr'>putabant,</span> 
     </span>
     <span class='ocr_line' id='line_1_33' title="bbox 78 2566 929 2637; baseline 0.002 -19"><span class='ocrx_word' id='word_1_204' title='bbox 78 2566 151 2634; x_wconf 83' lang='lat' dir='ltr'>quod</span> <span class='ocrx_word' id='word_1_205' title='bbox 163 2566 260 2619; x_wconf 90' lang='lat' dir='ltr'>mortis</span> <span class='ocrx_word' id='word_1_206' title='bbox 271 2567 354 2619; x_wconf 89' lang='lat' dir='ltr'>timor</span> <span class='ocrx_word' id='word_1_207' title='bbox 365 2567 434 2622; x_wconf 90' lang='lat' dir='ltr'>haut</span> <span class='ocrx_word' id='word_1_208' title='bbox 446 2584 610 2637; x_wconf 88' lang='lat' dir='ltr'>quemquam</span> <span class='ocrx_word' id='word_1_209' title='bbox 622 2571 736 2621; x_wconf 82' lang='lat' dir='ltr'>vexaret</span> <span class='ocrx_word' id='word_1_210' title='bbox 747 2583 849 2635; x_wconf 88' lang='lat' dir='ltr'>eorum,</span> <span class='ocrx_word' id='word_1_211' title='bbox 879 2580 929 2620; x_wconf 87' lang='lat' dir='ltr'>nso</span> 
     </span>
     <span class='ocr_line' id='line_1_34' title="bbox 77 2642 832 2713; baseline 0.001 -18"><span class='ocrx_word' id='word_1_212' title='bbox 77 2647 106 2696; x_wconf 89' lang='grc'>61</span> <span class='ocrx_word' id='word_1_213' title='bbox 123 2642 202 2696; x_wconf 90' lang='lat' dir='ltr'>simul</span> <span class='ocrx_word' id='word_1_214' title='bbox 220 2642 248 2696; x_wconf 92' lang='lat' dir='ltr'>in</span> <span class='ocrx_word' id='word_1_215' title='bbox 266 2643 365 2697; x_wconf 88' lang='lat' dir='ltr'>somnis</span> <span class='ocrx_word' id='word_1_216' title='bbox 383 2644 447 2713; x_wconf 91' lang='lat' dir='ltr'>quia</span> <span class='ocrx_word' id='word_1_217' title='bbox 464 2644 552 2697; x_wconf 88' lang='lat' dir='ltr'>multa</span> <span class='ocrx_word' id='word_1_218' title='bbox 569 2648 599 2699; x_wconf 91' lang='lat' dir='ltr'>et</span> <span class='ocrx_word' id='word_1_219' title='bbox 615 2644 685 2697; x_wconf 88' lang='lat' dir='ltr'>mira</span> <span class='ocrx_word' id='word_1_220' title='bbox 701 2643 832 2696; x_wconf 87' lang='lat' dir='ltr'>videbant</span> 
     </span>
     <span class='ocr_line' id='line_1_35' title="bbox 77 2713 906 2789; baseline 0.001 -18"><span class='ocrx_word' id='word_1_221' title='bbox 77 2719 184 2774; x_wconf 87' lang='lat' dir='ltr'>efficere</span> <span class='ocrx_word' id='word_1_222' title='bbox 200 2722 230 2773; x_wconf 91' lang='lat' dir='ltr'>et</span> <span class='ocrx_word' id='word_1_223' title='bbox 248 2721 351 2774; x_wconf 88' lang='lat' dir='ltr'>nullum</span> <span class='ocrx_word' id='word_1_224' title='bbox 369 2737 468 2789; x_wconf 89' lang='lat' dir='ltr'>capere</span> <span class='ocrx_word' id='word_1_225' title='bbox 485 2721 560 2789; x_wconf 90' lang='lat' dir='ltr'>ipsos</span> <span class='ocrx_word' id='word_1_226' title='bbox 577 2720 642 2774; x_wconf 91' lang='lat' dir='ltr'>inde</span> <span class='ocrx_word' id='word_1_227' title='bbox 659 2719 789 2773; x_wconf 86' lang='lat' dir='ltr'>laborem.</span> <span class='ocrx_word' id='word_1_228' title='bbox 902 2713 906 2721; x_wconf 79' lang='lat'>&#39;</span> 
     </span>
     <span class='ocr_line' id='line_1_36' title="bbox 77 2796 652 2864; baseline 0.003 -16"><span class='ocrx_word' id='word_1_229' title='bbox 77 2800 221 2864; x_wconf 85' lang='lat' dir='ltr'>praeterea</span> <span class='ocrx_word' id='word_1_230' title='bbox 239 2797 306 2850; x_wconf 91' lang='lat' dir='ltr'>caeli</span> <span class='ocrx_word' id='word_1_231' title='bbox 324 2797 443 2850; x_wconf 88' lang='lat' dir='ltr'>rationes</span> <span class='ocrx_word' id='word_1_232' title='bbox 461 2796 558 2850; x_wconf 90' lang='lat' dir='ltr'>ordine</span> <span class='ocrx_word' id='word_1_233' title='bbox 576 2799 652 2850; x_wconf 86' lang='lat' dir='ltr'>certo</span> 
     </span>
     <span class='ocr_line' id='line_1_37' title="bbox 77 2871 743 2939; baseline 0.002 -15"><span class='ocrx_word' id='word_1_234' title='bbox 77 2875 105 2924; x_wconf 90' lang='lat' dir='ltr'>ot</span> <span class='ocrx_word' id='word_1_235' title='bbox 122 2872 197 2925; x_wconf 90' lang='lat' dir='ltr'>varia</span> <span class='ocrx_word' id='word_1_236' title='bbox 214 2889 345 2925; x_wconf 88' lang='lat' dir='ltr'>annorum</span> <span class='ocrx_word' id='word_1_237' title='bbox 363 2871 512 2925; x_wconf 87' lang='lat' dir='ltr'>cernebant</span> <span class='ocrx_word' id='word_1_238' title='bbox 529 2874 654 2939; x_wconf 89' lang='lat' dir='ltr'>tempora</span> <span class='ocrx_word' id='word_1_239' title='bbox 670 2871 743 2925; x_wconf 79' lang='lat' dir='ltr'>verti</span> 
     </span>
     <span class='ocr_line' id='line_1_38' title="bbox 78 2945 931 3016; baseline 0.001 -17"><span class='ocrx_word' id='word_1_240' title='bbox 78 2965 127 3002; x_wconf 90' lang='lat' dir='ltr'>nec</span> <span class='ocrx_word' id='word_1_241' title='bbox 144 2951 273 3016; x_wconf 88' lang='lat' dir='ltr'>poterant</span> <span class='ocrx_word' id='word_1_242' title='bbox 290 2948 388 3016; x_wconf 86' lang='lat' dir='ltr'>quibus</span> <span class='ocrx_word' id='word_1_243' title='bbox 405 2948 435 3001; x_wconf 90' lang='lat' dir='ltr'>id</span> <span class='ocrx_word' id='word_1_244' title='bbox 452 2948 532 3000; x_wconf 88' lang='lat' dir='ltr'>fieret</span> <span class='ocrx_word' id='word_1_245' title='bbox 548 2963 710 3014; x_wconf 83' lang='lat' dir='ltr'>cognoscere</span> <span class='ocrx_word' id='word_1_246' title='bbox 728 2945 823 3000; x_wconf 84' lang='lat' dir='ltr'>causis.</span> <span class='ocrx_word' id='word_1_247' title='bbox 880 2959 931 3000; x_wconf 79' lang='grc'><strong>1111</strong></span> 
     </span>
     <span class='ocr_line' id='line_1_39' title="bbox 64 3022 839 3094; baseline 0.003 -22"><span class='ocrx_word' id='word_1_248' title='bbox 64 3038 132 3089; x_wconf 73' lang='lat' dir='ltr'>cqgo</span> <span class='ocrx_word' id='word_1_249' title='bbox 144 3024 310 3094; x_wconf 72' lang='lat' dir='ltr'>perfugium</span> <span class='ocrx_word' id='word_1_250' title='bbox 329 3023 383 3080; x_wconf 87' lang='lat' dir='ltr'>sibl</span> <span class='ocrx_word' id='word_1_251' title='bbox 402 3023 545 3080; x_wconf 84' lang='lat' dir='ltr'>habebant</span> <span class='ocrx_word' id='word_1_252' title='bbox 562 3023 654 3076; x_wconf 86' lang='lat' dir='ltr'>omnia</span> <span class='ocrx_word' id='word_1_253' title='bbox 668 3022 740 3075; x_wconf 73' lang='lat' dir='ltr'>&lt;liris</span> <span class='ocrx_word' id='word_1_254' title='bbox 835 3078 839 3086; x_wconf 54' lang='grc'><strong>,</strong></span> 
     </span>
     <span class='ocr_line' id='line_1_40' title="bbox 36 3096 778 3176; baseline 0.005 -32"><span class='ocrx_word' id='word_1_255' title='bbox 36 3096 168 3176; x_wconf 34' lang='lat' dir='ltr'>‘tradere</span> <span class='ocrx_word' id='word_1_256' title='bbox 185 3104 216 3156; x_wconf 84' lang='lat' dir='ltr'>et</span> <span class='ocrx_word' id='word_1_257' title='bbox 233 3103 353 3160; x_wconf 78' lang='lat' dir='ltr'>illonmr</span> <span class='ocrx_word' id='word_1_258' title='bbox 371 3107 448 3159; x_wconf 92' lang='lat' dir='ltr'>nutu</span> <span class='ocrx_word' id='word_1_259' title='bbox 468 3103 565 3157; x_wconf 79' lang='lat' dir='ltr'>iacere</span> <span class='ocrx_word' id='word_1_260' title='bbox 583 3099 679 3154; x_wconf 85' lang='lat' dir='ltr'>omnia</span> <span class='ocrx_word' id='word_1_261' title='bbox 691 3096 778 3150; x_wconf 72' lang='grc'><strong>111111,</strong></span> 
     </span>
     <span class='ocr_line' id='line_1_41' title="bbox 24 3171 798 3246; baseline 0.014 -25"><span class='ocrx_word' id='word_1_262' title='bbox 24 3180 59 3221; x_wconf 81' lang='lat' dir='ltr'>m</span> <span class='ocrx_word' id='word_1_263' title='bbox 79 3173 225 3246; x_wconf 83' lang='lat' dir='ltr'>caeloque</span> <span class='ocrx_word' id='word_1_264' title='bbox 245 3181 341 3240; x_wconf 82' lang='lat' dir='ltr'>damn</span> <span class='ocrx_word' id='word_1_265' title='bbox 358 3182 451 3240; x_wconf 84' lang='lat' dir='ltr'>sedes</span> <span class='ocrx_word' id='word_1_266' title='bbox 471 3183 507 3236; x_wconf 83' lang='lat' dir='ltr'>ct</span> <span class='ocrx_word' id='word_1_267' title='bbox 524 3176 639 3246; x_wconf 87' lang='lat' dir='ltr'>templa</span> <span class='ocrx_word' id='word_1_268' title='bbox 651 3171 798 3232; x_wconf 58' lang='lat' dir='ltr'>locurum,</span> 
     </span>
    </p>
   </div>
   <div class='ocr_carea' id='block_1_2' title="bbox 0 0 1035 3426">
    <p class='ocr_par' dir='ltr' id='par_1_2' title="bbox 0 0 1035 3426">
     <span class='ocr_line' id='line_1_42' title="bbox 0 0 1035 3426; baseline 0 0"><span class='ocrx_word' id='word_1_269' title='bbox 0 0 1035 3426; x_wconf 95' lang='lat' dir='ltr'> </span> 
     </span>
    </p>
   </div>
   <div class='ocr_carea' id='block_1_3' title="bbox 19 3336 41 3371">
    <p class='ocr_par' dir='ltr' id='par_1_3' title="bbox 19 3336 41 3371">
     <span class='ocr_line' id='line_1_43' title="bbox 19 3336 41 3371; baseline 0 0"><span class='ocrx_word' id='word_1_270' title='bbox 19 3336 41 3371; x_wconf 68' lang='lat' dir='ltr'>h</span> 
     </span>
    </p>
   </div>
  </div>
 </body>
</html>
