2040 3426
78 212 170 266 omnia
187 211 319 266 diluviare
337 228 372 266 ex
390 211 446 266 alto
463 212 574 281 gurgite
590 215 676 282 ponti,

78 288 252 357 nequiquam,
270 287 399 357 quoniam
416 291 557 342 verrentes
574 305 692 357 aequora
710 290 785 344 venti

78 365 241 418 deminuunt
258 364 397 432 radiisque
414 367 542 418 retexens
559 366 696 419 aetherius
714 367 762 434 sol,

78 444 107 493 ct
126 441 227 494 siccare
245 441 321 508 prius
339 440 479 494 confidunt
496 441 586 494 omnia
603 457 682 510 posse
891 457 928 497 seo

77 533 160 584 quam
178 515 268 584 liquor
285 515 387 583 incepti
405 515 492 584 possit
509 515 668 584 contingere
685 517 773 571 finem.

77 594 186 645 tantum
205 591 339 659 spirantes
358 607 444 659 aequo
463 591 612 645 certamine
629 591 730 644 bellurn

76 667 182 734 magnis
200 667 277 720 inter
294 682 322 720 ae
339 666 374 719 de
391 666 474 719 rebus
492 683 605 720 cernere
624 670 739 734 certant,

75 759 138 795 cum
156 742 240 796 semel
257 742 365 796 interea
382 739 466 797 fuerit
484 743 657 811 superantior
674 743 746 811 ignis

75 821 105 871 ot
123 818 216 884 semel,
234 821 266 871 ut
284 818 356 872 fama
374 821 424 885 est,
442 833 521 871 umor
537 819 661 886 regnarit
678 819 707 872 in
725 819 803 874 arvis.
891 836 926 875 sae

73 893 145 960 ignis
163 895 235 946 enim
254 897 364 962 superat
381 896 411 948 ot
428 893 553 968 lambens
569 894 656 948 multa
672 896 801 964 perussit,

74 969 136 1022 avia
152 986 214 1023 cum
233 969 404 1024 Phaethonta
422 986 507 1039 rapax
524 970 566 1024 vis
583 971 647 1024 solis
665 986 798 1040 equorum

75 1045 188 1099 aethere
206 1046 324 1114 raptavit
342 1049 402 1100 toto
420 1049 564 1116 terrasque
581 1063 632 1116 per
649 1047 742 1102 omnis

74 1124 104 1174 at
121 1124 201 1189 pater
219 1121 389 1188 omnipotens
406 1121 524 1176 iratum
541 1123 663 1190 percitus
680 1124 736 1178 acri

75 1197 276 1264 magnanimum
295 1196 469 1250 Phaethonta
485 1199 593 1266 repenti
611 1198 732 1252 fulminis
749 1200 806 1255 ictu
889 1215 925 1255 roo

75 1271 235 1326 deturbavit
252 1271 331 1340 equis
347 1272 376 1324 in
393 1275 504 1338 terram,
523 1272 618 1339 solque
636 1275 745 1328 cadenti

74 1347 170 1403 obvius
188 1350 327 1400 aeternam
346 1347 468 1414 succepit
485 1347 613 1415 lampada
629 1348 725 1401 mundi

74 1423 257 1492 disiectosque
274 1421 383 1490 redegit
401 1438 486 1490 equos
503 1423 648 1492 iunxitque
665 1426 816 1492 trementis,
856 1424 857 1428 ’

72 1500 138 1554 inde
157 1516 236 1552 suum
253 1515 304 1568 per
321 1498 375 1552 iter
392 1498 527 1552 recrearit
544 1503 641 1552 cuncta
657 1499 820 1568 gubernans,

73 1575 183 1635 scilicet,
194 1578 226 1629 ut
242 1578 351 1629 ueteres
369 1574 482 1629 Graium
500 1573 623 1629 cecinere
639 1578 745 1645 poetae.
887 1592 923 1632 roe

72 1651 148 1719 quod
163 1650 258 1721 procul
277 1667 293 1704 a
310 1667 376 1704 vera
393 1651 473 1704 nimis
491 1654 535 1705 est
552 1652 658 1705 ratione
675 1652 822 1722 repulsum.

72 1727 144 1794 ignis
162 1727 234 1781 enim
252 1743 380 1795 superare
398 1730 491 1796 potest
507 1726 555 1780 ubi
572 1727 697 1782 materiai

73 1820 108 1856 cx
125 1803 231 1856 infinite
249 1807 313 1857 sunt
330 1819 443 1871 corpora
460 1803 540 1873 plura
556 1807 664 1870 coorta;

72 1879 136 1933 inde
154 1873 255 1933 cadunt
272 1879 345 1932 vires
362 1878 454 1946 aliqua
471 1879 576 1933 ratione
593 1880 720 1948 revictae,

72 1958 121 2008 aut
139 1957 255 2022 pereunt
272 1970 317 2006 res
335 1959 448 2007 exustae
464 1953 633 2007 torrentibus
651 1955 731 2008 auris.
886 1972 923 2013 410

71 2047 150 2083 umor
167 2030 235 2083 item
253 2029 390 2097 quondam
408 2029 498 2096 coepit
515 2044 644 2095 superare
661 2033 779 2099 coortus,

71 2110 104 2159 ut
121 2107 194 2159 fama
211 2108 262 2172 est,
279 2104 419 2157 hominum
437 2103 537 2158 multas
556 2104 664 2172 quando
683 2105 775 2161 obruit
791 2108 875 2163 urbis.

71 2182 136 2236 indo
153 2182 200 2235 ubi
218 2181 259 2235 vis
277 2181 368 2249 aliqua
386 2180 492 2234 rationo
509 2196 605 2234 auersa
622 2182 742 2248 recessit,

73 2276 107 2312 ox
124 2258 232 2312 infinito
249 2258 339 2312 fuerat
357 2272 544 2324 quaecumque
561 2259 661 2326 coorta,

72 2336 258 2403 const'terunt
274 2333 378 2387 imbres
396 2334 425 2386 ct
442 2332 554 2386 flumina
571 2332 626 2385 vim
644 2333 808 2389 minuerunt.
885 2349 921 2391 415

108 2412 164 2466 Sed
182 2411 280 2480 quibus
298 2410 344 2478 ille
361 2409 450 2463 modis
467 2409 606 2463 coniectus
625 2411 748 2465 materiai

71 2488 195 2542 fundarit
213 2491 315 2542 terram
333 2489 362 2541 et
380 2488 485 2541 caelrmr
501 2487 634 2556 pontique
651 2486 793 2555 profunda,

73 2564 137 2616 solis
155 2563 228 2617 lunai
246 2581 347 2632 cursuS,
366 2580 400 2618 ex
417 2564 513 2618 ordine
530 2580 635 2632 ponam.

73 2657 136 2692 narn
154 2643 229 2694 certe
246 2656 337 2708 nequo
354 2641 464 2695 consilio
481 2640 631 2709 primordia
648 2656 740 2693 rerum

72 2715 168 2768 ordine
186 2731 216 2769 se
235 2731 283 2768 suo
302 2731 426 2783 quaeque
443 2717 531 2784 sagaci
549 2720 642 2770 mente
659 2715 781 2769 locarunt
885 2727 922 2769 eno

73 2807 123 2845 nec
141 2807 209 2860 quos
228 2806 353 2859 quaeque
370 2791 468 2844 darent
485 2794 576 2845 motus
593 2791 724 2859 pepigere
742 2789 871 2858 profecto,

74 2867 123 2921 sed
141 2867 205 2935 quia
222 2865 309 2924 multa
326 2865 414 2918 modis
430 2865 524 2919 multis
541 2866 691 2934 primordia
708 2880 800 2920 rerum

74 2959 108 2997 ex
125 2943 232 2998 infinito
249 2943 303 2995 iam
321 2944 444 3010 tempore
462 2941 566 3009 percita
583 2941 669 3009 plagis

73 3019 294 3088 ponderibusque
312 3016 367 3072 suis
384 3019 550 3071 consuerunt
566 3017 679 3071 concita
690 3018 767 3070 iem‘x

71 3096 288 3169 omnimodisque
305 3095 380 3154 coire
399 3097 489 3169 atque
506 3093 603 3150 omnia
617 3094 835 3163 pensaremus„
924 3093 960 3126 Ψ

61 3186 256 3244 quaecumque
273 3176 352 3234 inter
369 3193 403 3235 se
421 3177 547 3252 possent
565 3183 732 3242 muntem
747 3172 866 3217 mm·
