2040 3426
109 227 142 278 ut
158 224 257 288 videas
274 217 402 292 quonium
419 223 588 276 coniunctast
606 239 687 277 causa
704 224 807 294 salutis,

108 300 278 353 coniunctam
296 314 405 368 quoque
422 299 714 353 naturam-consistere
731 317 834 355 eorum.

141 375 233 444 [Quod
244 377 383 444 superest,
402 374 486 444 siquis
495 390 602 442 ‘corpus
619 375 722 430 sentire
738 378 843 431 refutat
916 391 953 430 333

106 454 191 519 atque
209 451 325 504 enimam
344 445 433 505 credit
450 450 615 524 permixtam
633 466 747 519 corpore
764 455 823 506 toto

107 526 246 596 suscipere
264 527 333 580 hunc
351 529 456 584 motum
474 533 556 595 quem
574 532 683 580 sensum
700 523 899 598 nominitamus

106 602 149 656 vel
167 603 325 656 manifestes
342 615 386 656 res
404 600 841 674 33333333333333333333313ρῖ
880 598 882 601 ’

106 678 175 745 quid
193 677 230 731 sit
248 676 320 730 enim
338 676 554 750 corpus'jsenti're
572 676 633 745 quis
651 676 758 732 adferet
773 695 910 749 umquam,

105 754 129 806 si
147 769 202 806 non
219 752 278 820 ipsa
295 752 386 819 peiem
404 751 541 824 quodv'res¹
558 752 637 806 dedit
654 769 686 806 oc
704 753 797 809 docuit
814 756 879 810 nost
917 769 953 808 333

106 831 136 882 at
154 828 265 882 dimisse
283 828 371 881 anima
388 844 487 898 corpus
504 827 719 898 caret'undique
737 845 833 894 senem

105 905 199 974 perdit
216 903 378 972 enimquod
393 920 449 957 non
463 903 607 976 proprium
624 903 678 958 fuit
695 904 753 958 eius
770 906 798 959 in
815 921 888 960 ocvo.
945 913 947 917 '

104 995 236 1035 melmun
246 989 386 1029 rennuunt
397 992 520 1028 PERDITUM
531 986 682 1028 innuitur
692 995 756 1029 AEVO
765 997 835 1035 Quot!
886 1007 888 1011 ’

140 1057 239 1111 Dicere
256 1071 337 1126 porro
355 1056 445 1110 oculos
462 1056 642 1111 nullamrem
660 1074 772 1112 cernere
788 1073 875 1126 posse,

106 1132 157 1185 scd*
172 1149 221 1200 per
238 1148 285 1186 eos
302 1132 422 1185 animum
439 1135 471 1185 ut
488 1131 593 1186 foribus
610 1134 734 1202 spectare
752 1134 873 1201 reclusis,
914 1147 952 1187 333

106 1207 266 1276 desiperem,
284 1211 380 1261 contra
397 1223 458 1261 cum
476 1223 571 1261 sensus
589 1209 663 1262 dicat
680 1225 788 1275 eorum;

106 1297 265 1330 3333333313
275 1292 367 1330 runnu·
376 1297 456 1336 noun
466 1298 535 1330 totns
547 1299 670 1330 DETRUDI'I'
683 1300 717 1331 Au
726 1294 791 1332 IFSAS

104 1353 209 1420 fulgida
226 1353 388 1419 praesertim
405 1368 466 1405 cum
484 1368 597 1406 cernere
615 1369 696 1420 saepe
713 1354 865 1420 nequimus,

105 1428 209 1482 lumine
226 1427 373 1481 luminibus
391 1427 455 1496 quie
472 1427 550 1480 nobis
567 1427 793 1496 praepediuntur.

105 1504 180 1574 quod
188 1504 290 1557 foribus
300 1520 353 1557 non
361 1504 408 1568 fit3
419 1519 510 1572 neque
522 1503 601 1570 enim,
614 1503 679 1572 quie
690 1503 826 1557 cernimus
833 1503 895 1572 ipsi,
918 1517 954 1558 335

106 1581 175 1634 ostie
193 1579 344 1647 suscipiunt
361 1579 447 1634 ullum
463 1577 570 1633 reclusa
587 1578 714 1632 laborem.

104 1659 249 1724 praeterea
267 1655 290 1708 si
308 1670 354 1723 pro
372 1655 475 1712 foribus
493 1657 558 1708 sunt
575 1654 678 1708 lumina
695 1658 796 1723 nostra,

104 1732 158 1784 inm
177 1733 263 1799 magis
282 1731 520 1802 exemptisocnlis
537 1729 640 1783 debere
658 1731 766 1784 videtur

105 1793 216 1871 cernere
234 1823 278 1860 ros
296 1807 401 1860 animus
418 1804 535 1861 sublatis
549 1806 676 1875 postibus
692 1806 766 1874 ipsis.

141 1882 215 1935 illud
232 1882 259 1935 in
279 1882 322 1934 his
339 1883 419 1936 rebus
434 1897 609 1949 nequaquam
628 1897 736 1936 sumere
753 1882 848 1951 possis,
917 1897 953 1937 370

105 1958 256 2012 Democriti
274 1956 348 2024 quod
365 1961 459 2012 sancta
475 1958 527 2011 viri
545 1957 683 2011 sententia
701 1957 785 2024 ponit,

104 2033 225 2102 corporis
242 2035 326 2099 atque
343 2032 425 2082 anirni
442 2030 594 2098 primordie
611 2031 716 2097 singula
732 2031 817 2098 priris

104 2109 230 2178 adpositu
248 2105 362 2160 alternis
379 2106 491 2170 variare,
509 2123 542 2159 ac
559 2109 671 2159 nectere
688 2105 816 2159 membru

102 2201 166 2237 nam
183 2199 245 2236 cum
261 2181 348 2234 multo
366 2185 430 2234 sunt
447 2181 553 2234 animae
572 2181 706 2234 elementa
723 2181 828 2234 minora

103 2275 187 2327 qnam
205 2256 303 2324 quibus
321 2272 337 2309 e
354 2271 451 2323 corpus
468 2256 546 2309 nobie
563 2260 593 2309 et
610 2255 714 2308 viscere
732 2259 865 2322 constent,
915 2272 951 2312 ³75

103 2338 164 2388 tum
181 2347 294 2385 numero
313 2347 422 2399 quoque
439 2331 592 2385 concedunt
610 2335 639 2385 ct
657 2348 719 2384 rora
737 2348 787 2400 per
805 2335 882 2387 artus

103 2410 201 2464 dissito.
218 2411 282 2461 sunt
299 2406 444 2461 dumtaxat
452 2427 460 2472 ;·
475 2411 507 2462 ut
525 2407 576 2462 hoc
594 2407 756 2476 promittere
773 2409 868 2478 possis,

103 2484 236 2554 quantula
252 2484 332 2552 privo
347 2491 448 2552 queant
465 2484 544 2538 nobis
561 2484 661 2538 iniecta
679 2485 752 2539 ciere

104 2577 218 2630 corpore
235 2559 379 2614 sensiferos
395 2563 486 2614 motus
502 2561 531 2621 in
550 2554 669 2630 corporo}
686 2564 765 2615 touta

103 2635 247 2690 intervalla
264 2639 358 2707 tenero
376 2637 488 2689 exordio
504 2637 581 2704 priva
599 2637 705 2690 animai.
866 2675 868 2682 .
914 2651 950 2689 rso

104 2729 168 2766 nem
185 2728 275 2780 neque
288 2711 410 2779 'pulveris
428 2711 567 2766 interdum
585 2712 717 2766 sentimus
734 2712 892 2764 adhaesum

105 2804 217 2854 corporo
234 2803 285 2840 nec
301 2786 431 2839 membris
448 2787 582 2841 incussam
601 2788 691 2840 sidero
708 2791 820 2853 cretam,
868 2808 871 2814 ¹
894 2806 895 2811 ¹

105 2880 155 2918 nec
172 2862 298 2917 nebulam
315 2865 397 2914 noctu
415 2878 504 2930 nequo
521 2863 614 2916 aranei
632 2862 725 2916 tenvia
742 2861 788 2914 fila

105 2939 185 2993 obvia
202 2939 341 3004 sentimus,
359 2938 468 3006 quando
486 2938 637 2992 obretimur
654 2942 759 3006 euntes,

105 3031 156 3069 neo
173 3031 272 3084 supera
289 3012 372 3083 ceput
388 3014 514 3070 ciusdem
530 3015 668 3070 cecinisse
683 3015 797 3069 uictum
899 3042 912 3059 ·
939 3017 985 3052 W

101 3093 202 3143 restem
219 3106 272 3144 nec
286 3091 398 3160 ptumus
416 3093 513 3151 avium
529 3110 707 3166 papposque
722 3087 857 3144 serenus

86 3163 138 3230 ‘1²¹1‘
152 3164 239 3220 111'1111'8
255 3167 378 3229 revitate
397 3174 514 3234 cadunt
529 3175 718 3248 pierumque
738 3161 910 3236 munuum,
