2040 3426
98 132 164 187 a-r'
429 156 433 163 -
496 102 550 180 99

95 237 179 300 atque
196 231 280 284 ctiam
298 229 395 298 potius,
414 227 437 282 si
455 243 602 297 numquam
621 227 657 282 sis
672 226 840 294 moriturus}

96 309 163 377 quid
181 305 385 374 respondemus,
403 303 456 357 nisi
473 304 574 357 iustam
591 304 735 358 intendere
753 304 830 357 litem
912 313 949 355 990

96 388 223 436 naturam
241 385 270 436 et
287 397 380 435 reram
399 379 490 433 verbis
508 396 646 447 exponere
664 381 790 433 causaml

52 476 84 509 us
96 458 226 526 grandior
242 457 287 511 hie
304 472 369 510 vero
387 455 410 509 si
428 456 482 509 iam
501 455 645 524 seniorque
664 462 797 523 queratur

52 553 85 585 999
97 538 181 601 atque
199 534 304 586 obitum
323 533 488 586 lamentetur
505 531 588 585 miser
607 531 725 601 amplius
743 546 837 598 aequo,

96 625 149 662 999
167 610 265 662 merito
284 609 412 661 inclamet
429 608 517 677 magis
534 610 564 661 et
580 624 645 661 uoce
664 609 787 675 increpet
804 606 877 660 aeril

52 701 84 732 99
96 685 185 737 ‘aulen
194 685 292 738 abhinc
302 685 433 751 lacrimas,
442 683 556 750 balatro,
567 687 596 737 et
605 699 747 752 compesce
755 681 899 749 querellas.
910 693 947 735 999

96 759 187 813 omnia
204 761 363 828 perfunctus
381 760 447 813 vitai
465 760 587 828 praemia
604 775 715 812 marcos.

97 836 146 889 sed
164 836 228 902 quia
246 853 353 903 semper
371 852 434 888 aves
452 835 526 903 quod
544 835 629 900 abest,
648 834 804 904 praesentia
822 833 929 900 temnis,

95 912 248 981 inperfeeta
266 912 317 964 tibi
336 911 455 980 elapsast
473 912 634 978 ingrataque
653 911 708 964 rita

95 991 125 1041 et
142 1004 194 1053 nee
211 987 331 1055 opinanti
349 1002 422 1039 mors
440 986 476 1039 ad
494 991 576 1054 caput
593 986 701 1039 adstitit
720 988 784 1039 ante

95 1080 176 1131 quam
195 1067 319 1116 saturae
336 1063 432 1130 plenus
449 1062 537 1130 possis
556 1061 697 1115 discedere
715 1078 815 1115 rerum.
911 1076 948 1115 ooo

94 1154 167 1191 nunc
184 1138 271 1192 aliena
288 1141 337 1191 tua
354 1140 446 1192 tamen
464 1141 556 1191 aetate
574 1137 664 1190 omnia
681 1137 761 1190 mitte

94 1231 181 1282 aequo
199 1215 344 1282 animoque
362 1213 480 1282 agedum
497 1213 622 1266 humanis
640 1213 771 1267 concede:
791 1213 946 1266 necessest?

94 1289 160 1355 iure,
178 1293 210 1343 ut
228 1290 330 1358 opinor,
349 1293 421 1358 agat,
438 1290 498 1352 iure
517 1289 639 1358 increpet
657 1289 810 1356 inciletque.

95 1366 171 1440 cedit
188 1367 260 1421 enim
277 1384 369 1420 rerum
387 1367 510 1420 novitate
528 1369 640 1420 extrusa
658 1369 780 1419 uetustas

95 1458 210 1511 semper,
230 1446 260 1497 et
277 1459 311 1496 ex
330 1443 390 1496 aliis
408 1442 483 1496 aliud
501 1458 630 1510 reparare
648 1445 793 1495 necessest.
910 1458 946 1496 999

95 1533 145 1570 nec
163 1519 305 1586 quisquam
323 1519 351 1570 in
369 1517 530 1570 barathrum
548 1534 598 1570 nec
616 1517 729 1571 Tartara
747 1517 858 1570 deditur
875 1521 944 1572 atra

94 1593 224 1646 materies
241 1609 308 1661 opus
327 1596 368 1647 cst
386 1596 418 1646 ut
435 1596 559 1646 crescant
576 1596 688 1660 postera
705 1593 807 1658 saecla;

95 1685 165 1735 quae
183 1672 275 1721 tamen
293 1670 382 1722 onmia
399 1674 429 1723 to
446 1669 502 1722 9999
519 1669 665 1738 perfuncta
683 1673 847 1736 sequentum

44 1766 50 1776 ·
78 1760 144 1815 ‚nee
156 1745 244 1796 99999999
257 1761 321 1812 ergo
334 1749 397 1798 anto
410 1745 476 1799 haee
488 1761 569 1813 quam
581 1749 613 1798 tu
626 1745 756 1812 cecidere,
769 1743 932 1814 cadentque.

94 1819 134 1873 sic
151 1820 207 1873 alid
225 1837 260 1873 ox
278 1820 330 1873 alio
348 1837 495 1890 numquam
514 1820 630 1875 desistet
646 1821 713 1873 oriri
907 1835 945 1877 099

94 1897 207 1964 vitaque
224 1897 357 1964 mancipio
376 1896 442 1950 nulli
460 1897 550 1963 datur,
570 1897 695 1951 omnibus
712 1914 770 1951 usu.

94 1973 200 2038 respice
216 1972 284 2025 item
302 1989 383 2041 quam
401 1973 439 2026 nil
457 1974 493 2026 ad
510 1989 560 2027 nos
578 1977 704 2027 anteacta
720 1977 844 2028 9999999999

96 2048 225 2116 temporis
243 2049 347 2102 aeterni
364 2048 454 2116 fuerit,
473 2066 554 2118 quam
572 2049 708 2103 nascimur
725 2053 799 2104 9999.

94 2122 145 2176 hoe
162 2124 247 2191 igitur
264 2124 403 2192 speculum
421 2125 498 2178 nobis
516 2129 615 2179 natura
630 2124 717 2179 futuri

95 2200 225 2268 temporis
244 2201 355 2269 exponit
372 2207 435 2270 post
453 2205 569 2255 mortem
588 2202 706 2270 denique
723 2205 854 2255 nostram.
906 2216 944 2255 999

95 2277 227 2346 munquid
244 2277 284 2330 ibi
302 2277 432 2331 horribile
449 2280 569 2347 apparet
588 2295 652 2330 num
671 2278 752 2331 triste
769 2277 879 2331 videtur

94 2352 247 2420 quicquam,
265 2368 319 2406 non
338 2353 409 2405 omni
429 2369 522 2406 somno
541 2353 661 2406 securius
680 2354 787 2406 exstatl

129 2429 223 2495 Atque
236 2444 268 2480 99
279 2428 405 2480 9999999999
419 2444 604 2514 quaecumque
617 2428 777 2481 Acherunte
788 2429 925 2495 profundo

93 2503 203 2571 prodita
220 2507 284 2555 sunt
302 2519 368 2567 esse,
386 2503 413 2554 999
432 2504 471 2554 999
473 2519 488 2554 9
461 2505 571 2554 99999
588 2503 678 2555 onmia
695 2502 780 2556 nobis.

93 2595 143 2631 nco
160 2578 243 2632 miser
260 2577 412 2645 inpendens
430 2593 557 2644 inagnum
576 2577 656 2630 timot
674 2593 737 2630 aere
756 2595 853 2632 saxum
904 2582 945 2658 090

94 2654 164 2706 'l'ant
165 2653 231 2722 alus,
249 2655 281 2706 ut
297 2651 403 2717 laniast,
385 2656 497 2706 999999
515 2651 659 2706 formidine
678 2657 805 2742 torpeus3

92 2729 143 2783 sed
160 2729 247 2796 magis
264 2727 292 2780 in
310 2729 334 2781 vi
338 2735 366 2781 ta
338 2694 474 2781 tdhom
494 2732 583 2783 9999999
600 2729 706 2797 urget
698 2730 784 2783 mauis

91 2804 214 2859 mortalis
232 2820 379 2872 casumque
397 2805 495 2858 timent
512 2821 594 2873 quem
612 2805 710 2874 cuique
726 2806 799 2859 ferat
816 2805 878 2860 fors.

91 2898 142 2936 uec
160 2882 256 2950 Tityon
277 2882 399 2935 volueres
417 2882 512 2935 ineunt
531 2880 691 2935 Acherunte
708 2880 840 2934 iacentem
857 2900 861 2907 ·

86 2975 142 3010 nec
158 2959 232 3025 quod
250 2958 301 3013 sub
318 2973 416 3026 magno
435 2960 591 3012 scrutentur
607 2959 718 3024 pectore
736 2957 879 3025 quicquam
903 2973 941 3013 095

66 3038 241 3098 perpetuam
260 3039 388 3091 aetatem
405 3037 523 3106 possunt
539 3033 660 3103 reperire
677 3031 807 3100 prolecto

56 3109 254 3165 qrnrnh'bet
240 3114 365 3170 immani
382 3114 519 3186 proiectu
536 3109 661 3181 eorporis
679 3112 783 3172 exstet

33 3179 176 3263 quinon
194 3189 262 3245 sola
281 3210 390 3247 norem
414 3188 585 3263 dispessis
579 3203 683 3255 990999
698 3183 837 3239 memhris
