2040 3426
479 122 531 180 ΙΙΙ
595 177 601 188 ,
866 163 871 170 ·
893 125 931 181 83

68 224 144 279 -illud
160 224 264 298 abhoc
281 225 366 294 igitur
383 228 569 296 quaerendmn
587 230 637 296 est,
655 227 723 296 quid
740 227 777 282 sit
793 230 876 282 amari

75 304 155 355 tanto
166 318 256 371 opere,
268 302 305 355 ad
317 318 441 356 somnum
454 304 477 356 si
490 321 534 357 res
546 304 621 357 redit
631 307 716 373 atquo
729 304 860 374 quietem,
895 319 932 357 aio

75 393 124 431 cur
142 378 287 447 quisquam
305 382 418 432 aeterno
436 380 524 448 possit
541 379 684 435 tabescere
700 380 786 435 luctu.
811 433 813 435 ,

112 454 174 507 Hoc
191 455 276 508 etiam
293 454 463 508 faciuntubi
482 455 644 510 discubuere
662 459 815 526 tenentque

36 590 41 598 ¹
75 530 173 599 poeula
190 546 272 599 saepe
289 529 412 583 homines
429 534 459 585 et
476 530 633 585 inumbrant
651 547 700 585 ora
717 533 829 601 coronis,

77 623 112 659 cx
130 606 220 660 aniano
237 609 270 659 ut
288 605 380 659 dicant
398 605 500 660 ‘brevis
517 608 562 660 hic
579 610 622 661 est
638 607 743 661 fructus
761 608 901 672 homullis;

76 681 131 735 iam
148 683 232 737 fuerit
250 697 340 750 neque
357 685 420 751 post
438 700 567 752 umquam
584 699 713 737 revocare
730 683 837 738 licebit:
894 699 930 736 ors

75 761 216 827 tamquam
234 757 262 811 in
280 760 369 812 morte
387 758 452 811 mali
468 775 531 812 cum
548 759 644 827 primis
661 759 714 813 hoc
731 759 768 813 sit
785 775 887 826 eorum,

75 833 151 901 quod
169 833 229 888 sitis
247 837 346 888 exurat
363 834 475 888 miseros
492 840 577 903 atque
593 833 671 889 arida
688 837 785 904 torres,

76 911 125 962 aut
143 910 212 963 aliae
229 910 306 963 cuius
323 910 489 964 desiderium
506 911 625 966 insideat
641 911 690 965 rei.

75 1001 126 1039 uec
144 984 196 1038 sibi
214 986 286 1039 enim
304 987 448 1054 quisquam
467 989 526 1040 tum
544 1003 574 1041 se
592 986 732 1056 vitamque
749 987 876 1056 requirit,

76 1077 138 1114 cram
155 1061 260 1128 pariter
276 1078 354 1115 mons
372 1065 401 1115 et
419 1078 516 1131 corpus
534 1063 623 1132 sopita
640 1063 790 1131 quiescunt
893 1077 930 1116 eso

76 1153 138 1190 nam
156 1136 220 1191 lieet
238 1141 379 1191 aeternum
397 1155 447 1206 per
464 1154 513 1191 uos
531 1139 569 1191 sic
587 1155 646 1193 esse
665 1155 797 1208 soporem,
861 1187 864 1192 .

76 1228 126 1266 uec
144 1212 310 1266 desiderium
328 1215 414 1267 nostri
432 1230 481 1266 nos
499 1215 592 1267 adficit
610 1214 702 1267 ullum.

76 1292 106 1341 et
124 1291 216 1343 tamen
233 1289 447 1358 haudquaquam
466 1295 573 1342 nostros
591 1294 656 1342 tuuc
674 1290 721 1342 illa
737 1306 788 1357 per
805 1293 882 1343 artus

76 1364 156 1432 longe
173 1364 208 1417 ab
227 1364 365 1418 sensiferis
384 1364 534 1433 primordia
551 1365 670 1418 motibus
688 1367 790 1432 errant,

75 1456 137 1493 eum
155 1444 298 1508 correptus
318 1440 398 1493 homo
416 1456 450 1493 ex
469 1456 563 1493 somno
582 1457 611 1493 se
628 1439 732 1507 colligit
749 1439 815 1508 ipso.
892 1440 929 1493 aas

76 1516 163 1569 multo
181 1516 266 1583 igitur
284 1520 401 1570 mortem
419 1515 562 1569 minusad
580 1532 630 1570 nos
648 1533 708 1570 esse
725 1515 912 1584 putandumst,

77 1592 99 1644 si
118 1592 207 1645 minus
225 1608 284 1646 esse
302 1596 395 1661 potest
413 1608 495 1660 quam
513 1591 586 1660 quod
604 1592 642 1645 nil
660 1608 720 1646 esse
737 1592 876 1660 videmus3

78 1668 163 1720 maior
182 1668 254 1722 enim
272 1668 370 1722 turbae
388 1667 517 1723 disiectus
535 1668 676 1722 materiai.

77 1744 254 1812 corrsequitur
271 1744 327 1798 leto
344 1761 395 1799 uec
413 1744 557 1814 quisquam
575 1743 735 1814 expergitus
751 1749 850 1810 exstsst,

77 1819 177 1886 frigida
196 1836 277 1888 quem
297 1821 380 1874 semel
399 1824 443 1874 est
459 1820 526 1874 vitai
543 1837 629 1888 pausa
646 1825 746 1876 secuta.
891 1822 948 1874 isto·

112 1895 238 1964 Denique
256 1897 279 1949 si
298 1913 391 1950 vocem
410 1913 502 1951 rerum
520 1900 619 1950 natura
636 1900 750 1965 repente

77 1971 170 2025 mittat
187 1974 218 2025 et
234 1972 286 2025 hoc
304 1972 384 2025 alicui
402 1975 525 2024 nostrum
544 1971 582 2025 sic
598 1972 722 2038 increpet
739 1972 800 2039 ipsa

77 2047 157 2115 ‘qnid
174 2047 226 2101 tibi
244 2050 321 2100 tauto
340 2051 456 2115 operest,
475 2047 605 2113 mortalis,
624 2045 697 2115 quod
714 2046 795 2119 niniis
812 2048 901 2114 aegris

75 2122 194 2176 luctibus
211 2121 354 2188 indulgeat
372 2122 438 2190 quid
458 2126 573 2174 mortem
591 2122 728 2189 congemis
745 2138 777 2175 ac
794 2123 843 2175 llas
850 2126 859 2176 l

76 2214 140 2251 uam
158 2198 244 2266 gratis
262 2200 388 2250 anteacta
405 2196 458 2250 fuit
476 2196 526 2249 tibi
544 2196 601 2248 vita
617 2197 745 2265 priorque
893 2213 929 2250 aaa

76 2277 106 2327 et
124 2290 178 2326 non
196 2273 288 2326 omnia
304 2276 447 2338 pertusum
466 2276 595 2339 congesta
612 2272 691 2340 quasi
708 2273 736 2326 in
754 2289 802 2326 vas

77 2349 220 2403 commoda
237 2348 391 2417 perfluxere
409 2352 493 2418 atque
511 2349 619 2417 ingrata
636 2349 779 2404 interiere:

77 2442 127 2479 our
144 2441 198 2482 non
215 2428 248 2479 ut
264 2424 361 2493 plenus
380 2425 453 2479 vitae
471 2428 583 2479 conviva
599 2426 704 2481 recedis

77 2517 166 2569 aequo
184 2501 329 2568 animoque
348 2501 422 2571 capis
441 2519 572 2569 securam,
591 2504 684 2572 stulte,
702 2504 840 2573 quieteml

77 2577 119 2629 sin
137 2594 169 2630 ca
187 2594 257 2645 quae
274 2577 380 2633 fructus
398 2595 514 2648 eumque
532 2595 562 2632 cs
580 2581 687 2649 periere
704 2582 816 2649 profusa
892 2595 929 2634 elo

78 2653 189 2721 vitaque
206 2655 235 2706 in
253 2653 392 2719 offensnst,
411 2672 460 2709 cur·
476 2655 592 2723 amplius
609 2655 712 2710 addere
730 2657 846 2724 quaeris,

77 2745 184 2782 rursum
203 2730 277 2798 quod
295 2735 390 2798 pereat
408 2729 478 2783 male
496 2733 526 2784 et
543 2731 680 2798 ingratum
699 2731 806 2785 occidat
817 2747 910 2799 omne,

77 2820 131 2856 uon
149 2806 240 2872 potius
258 2805 331 2858 vitae
348 2805 429 2858 finem
447 2804 616 2875 facientque
634 2806 751 2860 laborisl

77 2895 139 2931 nam
158 2880 210 2933 tibi
228 2883 373 2949 praeterea
390 2879 463 2948 quod
481 2881 621 2936 machiner
638 2882 837 2950 inveniamque,

78 2956 152 3023 quod
170 2956 285 3025 placeat,
304 2954 341 3009 nil
359 2959 415 3009 est:
432 2955 529 3009 eadem
548 2960 612 3012 sunt
629 2958 719 3011 omnia
736 2973 853 3024 semper.
890 2972 934 3006 sss

77 3031 99 3082 si
117 3030 168 3084 tibi
187 3049 240 3084 nou
259 3033 335 3086 anuis
352 3048 451 3102 eorpus
467 3032 525 3087 iam
540 3038 651 3090 nrarcet
668 3037 703 3088 et
717 3036 802 3087 artus

71 3106 189 3159 confecti
204 3107 346 3177 languent,
366 3111 469 3165 eadem
488 3115 591 3167 tamen
609 3111 710 3167 ornain
723 3106 860 3167 restant,

60 3179 152 3232 omnia
169 3181 195 3233 si
209 3200 316 3253 pergas
335 3189 464 3243 vivendo
484 3189 609 3244 uincere
629 3187 741 3252 saecla,
