2040 3426
109 128 166 185 llo
490 114 562 172 IIIl

105 231 160 283 oris
178 233 206 284 ct
224 229 356 296 inspirant
372 226 530 297 pressantes
547 223 675 280 dentibus
693 241 748 294 ora,

105 306 278 374 nequiquam,
296 303 422 371 quoniam
440 301 476 353 nil
496 301 559 354 inde
577 301 711 355 abradere
728 305 843 370 possunt
910 318 960 359 1111

105 397 156 434 neo
173 383 319 449 penetrare
336 383 365 432 et
383 377 458 431 abiro
474 377 504 430 in
523 395 620 446 corpus
639 395 753 447 corpore
769 382 846 445 toto3

105 473 168 509 nam
187 456 276 508 facere
294 455 432 509 interdum
449 453 519 507 velle
537 457 566 507 et
584 451 691 508 certare
709 454 852 510 videntur:

105 549 192 601 usque
210 530 279 584 adeo
297 531 397 600 cupide
412 530 442 582 in
459 529 577 583 Veneris
596 529 772 599 compagibus
790 530 911 598 haerent,

104 607 228 662 membra
245 607 392 675 voluptatis
410 606 476 660 dum
493 607 521 659 11
538 604 674 661 labefacta
691 606 854 674 liquescunt.

103 684 216 738 tandem
234 682 282 736 ubi
300 699 329 738 se
347 683 437 751 erupit
454 683 547 736 nervis
567 681 689 736 conlecta
707 682 814 752 cupida
909 698 959 738 1111

105 777 190 828 parva
207 760 240 815 fit
258 759 363 812 ardoris
382 759 492 817 uiolenti
510 774 596 827 pausa
612 775 767 827 parumper.

104 837 169 891 inde
186 837 259 890 rodit
277 835 367 889 rabies
385 834 480 887 cadem
499 837 528 886 ct
546 833 621 885 furor
640 833 685 886 ille
703 833 806 901 revisit,

105 930 167 966 cum
185 912 236 965 sibi
254 910 321 980 quid
339 911 456 979 cupiant·
467 909 518 977 ipsi
536 908 695 976 contingere
713 913 857 976 quaerunt,

105 1004 156 1042 nec
173 988 295 1056 reperire
312 985 413 1061 malum
431 985 460 1038 id
478 987 592 1053 possunt
609 1001 680 1053 quaa
698 986 824 1040 machina
841 986 949 1040 vincat:

104 1081 191 1131 usque
209 1063 279 1116 adeo
297 1061 394 1114 incerti
412 1061 556 1114 tabescunt
574 1061 685 1115 volnere
703 1077 790 1116 cacco.
907 1075 955 1114 nro

141 1138 223 1191 Adde
241 1137 314 1205 quod
332 1136 479 1190 absumunt
496 1137 560 1190 viris
577 1141 748 1206 pereuntque
764 1137 867 1205 labore,

106 1214 178 1268 adde
195 1214 268 1282 quod
286 1213 399 1267 alterius
417 1212 467 1266 sub
484 1217 554 1267 nutu
572 1214 682 1281 degitur
699 1216 782 1267 aetas.

106 1290 206 1344 labitur
223 1290 329 1344 interea
345 1306 389 1344 rcs
408 1293 437 1343 et
456 1288 620 1357 Babylonica
638 1289 714 1353 fiunt,

104 1366 235 1435 languent
252 1366 339 1421 officia
357 1371 439 1434 atque
457 1368 582 1432 aegrotat
599 1366 672 1418 fama
689 1365 824 1420 vacillans

105 1444 166 1498 huic
183 1445 258 1498 lenta
275 1447 304 1497 et
321 1443 435 1511 pulchra
452 1442 479 1494 in
498 1441 614 1508 pedibus
632 1440 754 1508 Sicyonia
771 1442 865 1498 rident
906 1459 956 1497 nas

104 1520 207 1574 scilicet
224 1523 254 1574 et
271 1519 390 1587 grandes
407 1517 488 1572 viridi
506 1533 568 1571 cum
585 1516 645 1570 luce
662 1517 801 1585 zmaragdi

104 1612 169 1648 auro
186 1594 362 1647 includuntur
379 1595 534 1662 teriturque
552 1592 699 1645 thalassina
717 1593 800 1647 vestis

104 1670 217 1723 adsidue
235 1674 264 1722 et
282 1669 397 1722 Veneris
416 1671 544 1722 sudorem
561 1668 682 1721 exercita
698 1671 785 1736 potat.

104 1750 133 1798 ct
150 1745 220 1798 bena
236 1747 315 1811 parta
332 1747 442 1812 patrum
461 1745 530 1797 liunt
548 1744 716 1811 anademata
735 1744 843 1811 mitrae,

103 1820 241 1874 interdum
254 1820 283 1872 iu
294 1820 394 1888 pallam
406 1825 489 1888 atque
501 1819 608 1873 indusia
622 1820 726 1888 Ciaque
737 1823 857 1875 vertunt.
903 1836 954 1878 11³⁰

103 1897 203 1951 eximia
220 1899 297 1951 veste
314 1900 344 1950 ct
361 1896 436 1950 victu
454 1896 580 1962 convivia,
598 1896 694 1964 lychni,

103 1974 199 2041 pocula
216 1973 319 2040 crebra,
337 1975 477 2040 unguenta
494 1987 609 2025 coronae
628 1975 701 2024 serta
718 1977 859 2040 parantur,

103 2050 274 2118 nequiquam,
293 2049 417 2116 quoniam
436 2047 527 2101 medio
545 2047 581 2100 de
597 2047 674 2101 fonte
692 2047 815 2116 leporum

103 2125 191 2192 surgit
209 2125 293 2178 amari
311 2123 408 2191 aliquit
426 2123 498 2192 quod
516 2123 544 2176 in
563 2122 629 2191 ipsis
646 2123 759 2176 floribus
777 2127 869 2191 angat,

103 2206 151 2254 aut
168 2218 230 2255 cum
248 2201 370 2254 conscius
388 2200 447 2269 ipse
466 2199 572 2252 animus
590 2214 619 2252 se
637 2199 708 2252 forte
725 2199 866 2254 remordet
904 2216 954 2254 1135

103 2277 238 2331 desidiose
256 2293 339 2346 agere
357 2279 476 2330 aetatem
494 2275 641 2342 lustrisque
660 2275 756 2343 perire,

102 2357 151 2406 aut
168 2353 242 2421 quod
259 2353 287 2405 in
306 2353 431 2420 ambiguo
450 2351 563 2405 verbum
581 2349 698 2403 iaculata
715 2350 828 2418 reliquit

102 2428 175 2496 quod
193 2428 293 2496 cupido
311 2428 431 2480 adfixum
449 2426 525 2480 cordi
543 2426 655 2479 vivescit
673 2429 704 2479 ut
722 2426 800 2494 ignis,

102 2507 150 2556 aut
167 2503 281 2556 nimium
299 2503 402 2555 iactare
419 2502 511 2555 oculos
528 2501 644 2555 aliumve
662 2503 734 2555 tucri

101 2578 176 2647 quod
193 2580 273 2647 putat
290 2579 318 2631 in
335 2577 464 2650 voltuque
481 2577 557 2631 videt
574 2577 690 2644 vestigia
707 2579 785 2631 risus.
902 2594 953 2633 1110

138 2657 232 2723 Atque
241 2656 269 2708 in
279 2670 371 2708 amore
379 2653 450 2706 mala
458 2653 525 2707 haec
534 2653 645 2722 proprio
655 2669 812 2721 summeque
822 2654 944 2707 secundo

100 2732 289 2796 inveniuntur5
307 2731 334 2784 in
353 2730 467 2783 adverso
485 2746 549 2783 vero
567 2733 650 2796 atque
667 2729 740 2799 inopi
758 2732 828 2794 111111

101 2810 236 2877 prendere
254 2825 325 2878 quac
342 2806 429 2876 possis
446 2805 584 2864 oculorum
601 2805 703 2859 lumino
721 2808 824 2874 operto,

102 2884 323 2951 innumorabilia3
341 2887 372 2938 ut
391 2883 488 2936 molius
506 2881 618 2948 vigilare
637 2881 672 2934 sit
690 2886 761 2949 ante,

101 2976 156 3027 qua
173 2960 253 3013 docui
270 2962 384 3029 ratione,
402 2952 559 3025 cavereque·
572 2973 606 3010 no
624 2956 758 3010 inliciaris.
854 3024 859 3033 .
901 2971 951 3012 1145

98 3051 163 3087 nam
182 3035 274 3101 vitare
289 3036 388 3105 plagas
403 3035 432 3088 in
449 3034 551 3089 amoris'
561 3032 601 3086 'no
617 3032 754 3099 iaciamur‚

78 3109 198 3163 nonita
215 3109 331 3168 difficile
349 3115 395 3170 est
404 3130 500 3185 *quam
519 3114 634 3182 captum
645 3107 758 3162 retibus
770 3107 841 3174 ipsis

60 3181 147 3234 orire
165 3189 200 3239 ct
218 3189 333 3247 validos
346 3191 483 3251 'Veneris
501 3184 695 3263 perrumpere
711 3181 810 3234 um·
