2040 3426
11 31 97 39 Ρῌ,

73 112 129 170 110
458 105 530 163 IIII

70 214 156 268 multa
172 230 224 283 per
240 229 271 268 os
288 213 458 282 exhalantur,
475 229 537 268 cum
554 212 683 280 languida
700 212 837 279 anhelant,

70 291 112 344 his
129 287 215 356 igitur
231 289 314 344 rebus
331 290 444 342 rarescit
461 305 560 358 corpus
578 293 607 342 et
625 289 711 342 omnis
882 301 921 341 808

70 365 210 420 subruitur
227 370 339 431 natura;
357 365 434 419 dolor
451 381 533 434 quam
551 365 725 432 consequitur
742 382 808 420 rem.

70 444 216 511 propterea
233 442 340 510 capitur
357 442 433 494 cibus
450 445 482 494 ut
500 441 634 494 suffulciat
652 445 729 495 artus

79 522 98 571 88
116 521 224 573 8888888
242 518 313 571 vires
330 518 485 570 interdatus
502 522 584 584 atque
602 521 744 585 patentem

73 611 119 663 ,ier
136 593 260 647 membra
277 609 308 647 ac
327 609 407 646 uenas
425 596 457 646 88
474 609 595 646 amorem
613 596 723 661 opturet
740 592 849 648 edendi

76 688 147 725 imor
163 670 230 725 item
248 669 366 723 discedit
382 671 410 722 in
428 669 519 722 onmia
535 685 606 737 quae
624 669 682 723 loca
699 686 815 739 cumque
884 683 923 726 880

72 750 185 814 poscunt
202 762 339 810 umorem3
357 746 561 813 glomerataque
579 745 666 799 multa
682 747 789 815 vaporis

71 839 191 891 -orpora,
211 839 281 891 quac
299 821 438 875 stomacho
457 821 591 889 praebent
608 822 733 876 incendia
749 825 852 890 nostro,

81 899 196 970 lissupat
214 898 360 951 adveniens
378 897 467 965 liquor
484 913 516 950 ac
534 898 680 964 restinguit
696 902 728 952 ut
745 898 843 966 ignem,

72 990 151 1028 urcre
167 991 202 1028 no
219 975 306 1042 possit
323 974 397 1027 calor
414 972 530 1040 amplius
547 973 640 1026 aridus
657 978 740 1028 88888.

71 1050 108 1102 sic
125 1050 211 1117 igitur
228 1049 279 1102 tibi
297 1050 393 1102 anhela
411 1049 470 1102 sitis
489 1048 524 1101 de
542 1065 655 1118 corpore
672 1054 766 1104 nostro
886 1070 923 1109 87⁵

71 1124 198 1191 abluitur,
218 1125 256 1178 sic
275 1125 400 1193 expletur
417 1124 508 1178 ieiuno
525 1124 644 1194 cupido]
821 1136 824 1140 ’
847 1136 849 1139 ’

105 1200 132 1254 N
134 1217 185 1254 unc
203 1201 249 1268 qui
267 1200 316 1253 fiat
334 1201 374 1254 uti
391 1217 488 1270 passus
505 1200 628 1268 proferro
646 1218 783 1270 queamus,

71 1293 132 1330 cnm
149 1277 279 1342 uolumus,
298 1277 425 1344 varioque
444 1276 539 1330 datum
557 1276 593 1330 sit
611 1276 734 1330 membra
751 1293 868 1345 movere,

71 1358 100 1406 ct
117 1369 187 1422 quae
205 1369 249 1406 res
267 1356 373 1406 tantum
391 1354 441 1407 hoc
459 1353 549 1406 onens
566 1352 730 1420 protrudere
747 1354 833 1407 nostri

71 1429 191 1497 corporis
207 1429 329 1494 insuerit,
348 1429 451 1483 dicam:
470 1432 501 1482 tu
517 1427 629 1496 percipe
647 1428 728 1482 dicta.
885 1443 924 1484 880

71 1504 132 1558 dico
149 1505 239 1558 animo
257 1509 349 1558 nostro
368 1506 485 1572 primum
505 1501 649 1558 simulacra
666 1504 774 1557 meandi

71 1581 195 1634 accidere
214 1585 296 1648 atque
314 1581 431 1632 animum
450 1580 566 1648 pulsare,
584 1583 616 1632 ut
634 1579 840 1637 diximusante.

70 1655 135 1708 iude
152 1655 276 1709 voluutas
295 1656 341 1719 fit;
359 1671 447 1720 neque
466 1655 645 1708 cnimfaccro
662 1656 757 1724 incipit
773 1656 857 1710 ullam

72 1748 129 1784 rem
147 1731 297 1800 quisquam,
315 1747 403 1797 qoam
421 1748 497 1784 mens
515 1731 633 1798 providit
651 1731 716 1797 quid
734 1732 888 1787 volitante.

71 1808 100 1860 id
118 1807 192 1873 quod
210 1807 344 1875 providet,
363 1807 435 1860 illius
453 1808 493 1860 rci
511 1809 618 1860 constat
635 1807 731 1874 imago.
885 1823 923 1861 888

72 1898 137 1950 crgo
156 1883 261 1936 animus
279 1900 341 1936 cnm
359 1899 418 1936 scse
436 1883 645 1940 itaeommovet
661 1887 693 1936 ut
711 1883 778 1936 velit
794 1883 836 1937 ire

73 1960 152 2028 inque
169 1957 256 2026 gredi,
276 1958 340 2013 ferit
358 1959 496 2028 extemplo
514 1959 629 2026 quaein
648 1974 760 2029 corpore
778 1963 837 2013 toto

71 2051 122 2102 per
139 2035 262 2088 membra
279 2040 363 2103 atque
380 2039 457 2088 artus
475 2035 573 2088 animai
592 2034 689 2088 dissita
707 2035 748 2088 vis
764 2039 815 2090 est.

72 2113 101 2162 88
118 2111 224 2164 facilest
240 2112 320 2178 iactu,
338 2111 465 2181 quoniam
483 2111 627 2164 coniuncta
644 2114 761 2164 tenetur.

73 2185 137 2240 inde
154 2203 187 2240 cn
204 2204 335 2257 proporro
353 2204 451 2256 corpus
469 2187 541 2254 ierit,
559 2190 642 2254 atque
660 2187 700 2240 ite
717 2191 777 2241 tota
887 2204 924 2243 880

60 2261 203 2329 ‘paulatim
221 2264 306 2318 moles
323 2263 497 2332 protruditur
513 2267 597 2330 atque
614 2266 746 2316 moretur.
765 2316 767 2319 ,
796 2279 800 2287 ’

74 2340 216 2405 practerea
234 2344 292 2393 tum
310 2341 425 2395 rarescit
443 2355 551 2408 quoque
569 2355 666 2408 corpus
684 2342 713 2392 et
730 2355 785 2404 aer,

73 2414 176 2468 scilicet
192 2418 225 2469 88
242 2416 327 2470 debet
344 2416 391 2484 qui
411 2433 519 2485 semper
536 2415 642 2468 mobilis
660 2418 745 2481 extat,

73 2506 122 2556 per
139 2491 275 2557 patefacta
293 2493 367 2545 venit
385 2496 566 2561 penetratque
583 2491 715 2544 foramina
732 2491 825 2558 largus

73 2568 102 2618 88
120 2564 287 2633 dispargitur
304 2570 340 2621 ad
358 2569 444 2636 partis
463 2568 503 2621 ita
520 2584 642 2636 quasque
659 2566 778 2620 minutas
888 2580 926 2619 888

73 2642 200 2710 eorporis.
218 2642 261 2695 hic
278 2645 362 2712 igitur
380 2646 462 2699 rebus
481 2646 513 2698 lit
530 2645 668 2712 utrimque
687 2643 800 2708 duabus,

73 2735 157 2784 88888
173 2720 206 2773 id
222 2725 253 2774 ut
271 2740 302 2775 no
320 2724 394 2774 navis
412 2722 480 2775 velis
498 2725 632 2789 ventoque
649 2720 762 2773 feratur.

74 2811 123 2848 uec
141 2800 234 2849 tamen
252 2798 318 2850 illud
337 2800 363 2850 in
382 2799 422 2851 nis
441 2797 524 2851 rebus
542 2789 665 2849 mirabile
684 2797 797 2858 constat,

74 2873 180 2926 tzurtula
198 2875 270 2941 quod
290 2880 396 2927 tautum
414 2891 512 2942 corpus
530 2872 820 2939 corpusculapossunt

74 2952 252 3016 nutritorquero
272 2956 300 3004 ct
318 2968 386 3003 onus
404 2956 493 3004 totum
512 2953 670 3003 convertero
688 2951 817 2999 nostrum.
889 2960 927 3000 000

63 3025 168 3088 qnippe
187 3026 290 3078 etenim
311 3033 407 3081 888888
425 3026 519 3096 suptili
537 3040 649 3091 corporo
667 3022 755 3075 tenvis

46 3096 143 3146 crudit
158 3114 252 3166 agens
269 3120 403 3173 magnam
424 3121 528 3175 niagno
545 3099 688 3157 molimine
702 3112 803 3149 narem

31 3167 62 3208 nt
79 3181 190 3227 manus
207 3192 269 3234 una
286 3182 369 3252 regit
387 3183 547 3254 quantovis
563 3180 675 3244 impote
693 3174 811 3227 8888088
