2040 3426
469 125 540 182 IIII
891 132 927 188 99

72 232 103 285 oi
120 244 290 296 quocumque
307 229 399 283 oeulos
418 229 574 285 traiecimus
592 229 683 285 omnin
699 232 765 287 sen-i

72 310 102 361 et
120 306 206 360 fluere
223 304 341 359 adsimili
359 304 436 358 nobis
455 305 560 360 intione
577 306 713 362 videntur.
892 323 928 364 sss

71 380 195 452 porticus
213 379 320 450 aequali
338 381 462 450 quamvis
479 384 522 435 osi
540 381 659 452 donique
677 383 762 437 ductu

72 461 202 526 stansque
219 457 248 510 in
265 461 429 526 perpetuum
447 457 558 529 panibus
576 458 687 513 suffulta
702 459 841 528 columnis,

71 535 153 600 longa
170 535 263 587 tamen
280 536 360 602 pario
378 532 413 586 nb
431 549 537 587 summa
554 549 616 587 eum
634 537 693 589 tota
710 533 827 602 videtur,

72 608 204 678 paulatim
222 608 309 662 trahit
327 605 437 675 angusti
455 608 565 676 fastigia
582 611 651 677 coni,
727 637 741 650 -κ

72 687 146 738 secta
164 683 221 737 solo
239 683 354 751 iungens
372 688 457 753 atque
475 685 565 737 omnin
582 685 699 740 dextera
715 685 800 742 laevis
893 701 929 742 sso

72 762 159 814 donee
175 759 204 812 in
221 759 366 813 obscurum
384 760 444 814 coni
463 760 594 814 conduxit
611 778 733 816 onumen.

72 837 101 889 in
119 834 214 903 pelngo
231 835 323 889 nantis
341 852 376 889 ex
393 835 474 889 undis
492 839 569 889 ortus
587 836 615 889 in
632 837 718 893 undis,

72 912 113 967 sol
132 911 165 964 fit
182 910 224 964 uti
242 910 368 965 videatur
385 911 462 966 obire
480 915 509 965 ei
526 912 643 967 condere
662 913 768 980 lnmen;

72 988 174 1058 quippe
191 986 240 1040 nbi
256 987 294 1040 nil
312 987 386 1041 aliud
403 988 455 1041 nisi
472 1004 572 1056 squam
589 989 747 1056 caelumque
766 993 893 1058 inonlnr3

72 1081 107 1118 ne
124 1064 222 1118 leviter
240 1063 335 1117 eredas
353 1063 511 1118 labefactari
529 1064 651 1134 undique
670 1082 773 1120 sensns.
891 1081 928 1120 sss

72 1144 103 1194 at
119 1141 202 1194 maris
219 1139 321 1206 ignaris
338 1140 365 1192 in
384 1143 466 1208 portu
484 1141 581 1194 clauda
599 1142 726 1195 videntur
911 1140 912 1143 ’

71 1217 180 1284 navigia
197 1216 325 1284 aplustris
343 1215 437 1269 inseiis
455 1215 573 1269 obnitier
591 1217 687 1269 nudae.

70 1310 134 1346 unm
152 1308 337 1362 quaecumque
355 1307 438 1360 supra
454 1307 544 1346 rorem
563 1291 627 1345 sniis
644 1291 719 1345 ediis
735 1309 799 1361 pars
816 1295 860 1347 esi

71 1385 216 1434 remorum,
235 1371 311 1421 reeta
329 1370 379 1434 est,
398 1370 427 1421 et
445 1370 522 1421 reeta
540 1382 657 1436 superno
674 1367 804 1434 guberna.

71 1460 142 1512 quse
160 1444 287 1498 demersa
304 1443 438 1512 liquorem
457 1443 566 1510 obeunt,
584 1442 703 1496 refracta
720 1442 849 1498 videntur
892 1456 928 1498 sio

72 1521 162 1574 omnia
179 1519 301 1574 converti
319 1535 480 1588 sursumque
498 1520 594 1587 supina
611 1519 714 1574 reverti

71 1600 101 1651 ob
118 1596 221 1650 reflexa
238 1611 323 1665 prope
341 1595 368 1648 in
387 1611 492 1654 summo
510 1595 618 1650 fluitare
636 1596 751 1669 liquore,

72 1688 190 1742 raraque
207 1688 257 1740 per
275 1671 382 1726 caelum
399 1687 461 1724 cum
479 1673 554 1727 venti
571 1672 665 1726 nubila
681 1675 795 1741 portani

72 1751 196 1817 tompore
214 1752 352 1813 nocturno,
369 1749 430 1801 ium
448 1747 592 1816 splendida
609 1750 688 1817 signo
705 1749 833 1805 videnlur

70 1820 158 1878 labier
175 1825 319 1878 adversum
336 1823 442 1877 nimbos
459 1828 543 1892 utque
561 1824 602 1879 iro
620 1842 738 1894 superno
892 1840 928 1880 415

69 1906 151 1970 longe
168 1900 247 1954 aliam
264 1901 293 1954 in
311 1903 419 1968 partem
436 1915 468 1952 ae
485 1915 551 1954 vera
568 1901 674 1953 rationo
691 1902 824 1955 feruntur.

71 1982 101 2033 ai
119 1977 142 2031 si
159 1977 231 2031 foris
249 1975 326 2030 oenlo
343 1991 439 2028 manus
457 1974 504 2027 nni
523 1975 634 2028 subdita
652 1980 746 2044 supter

70 2054 172 2124 pressit
189 2069 259 2120 enm,
278 2050 395 2118 quodam
414 2066 495 2104 sensu
513 2049 546 2102 fil
563 2050 604 2104 uti
622 2049 768 2106 videantur

71 2130 161 2184 omnia
178 2144 248 2197 quae
266 2126 369 2183 tuimur
387 2125 447 2178 fieri
465 2129 526 2178 ium
544 2123 608 2178 bins
626 2126 736 2188 luendo,

71 2206 136 2260 bina
152 2204 324 2257 lucernarum
342 2200 467 2254 florentia
484 2200 587 2254 lumino
604 2201 721 2254 flammis
894 2216 931 2258 eso

71 2281 189 2347 binaque
206 2294 256 2346 peu
274 2279 346 2330 loma
364 2275 441 2328 nodis
459 2276 599 2344 geminare
617 2277 741 2345 supellex

70 2360 101 2410 et
119 2353 235 2422 duplicis
253 2350 390 2405 hominum
408 2352 490 2405 facies
509 2354 538 2405 et
555 2367 668 2420 eorpom
685 2352 757 2409 bins.

71 2430 192 2499 denique
209 2444 271 2483 enm
288 2427 364 2481 suavi
381 2426 503 2482 devinxit
520 2427 643 2482 membra
660 2445 758 2500 sopore

72 2508 228 2562 somnus'ei
245 2505 273 2559 iu
292 2520 397 2559 summa
414 2519 511 2573 corpus
530 2503 602 2559 iacob
619 2522 698 2560 omno
716 2506 817 2576 quiete,

72 2589 131 2638 ium
150 2582 262 2650 vigilare
281 2583 373 2636 inmen
393 2580 471 2635 nobis
488 2585 518 2636 et
534 2581 658 2636 membra
675 2599 785 2638 movero
809 2592 814 2598 '
892 2597 929 2639 sss

73 2663 167 2712 nostra
184 2657 316 2725 videmur,
335 2660 364 2710 et
381 2657 416 2711 iu
428 2658 515 2713 noctis
533 2659 649 2726 caligine
666 2675 747 2712 essee

72 2750 184 2788 cornero
202 2748 343 2786 censemus
360 2733 443 2787 solem
461 2733 609 2803 lumenque
628 2735 762 2801 diurnum,

72 2809 252 2876 conclusoque
270 2807 327 2860 loeo
346 2807 448 2862 caelum
467 2827 543 2864 maro
564 2809 676 2863 flumina
694 2808 794 2862 montis

72 2888 225 2939 mutasset
243 2900 351 2951 campos
368 2886 484 2953 pedibus
503 2887 623 2940 transire
641 2884 774 2950 videmur,

73 2964 103 3016 ei
120 2961 223 3014 sonitus
241 2960 343 3026 assilire,
361 2977 455 3015 severa
473 2961 581 3015 silentia
599 2960 686 3014 noctis
890 2971 927 3014 loo

73 3035 195 3104 nudique
213 3052 275 3088 cum
293 3039 425 3105 constent,
443 3037 614 3093 obsedisse
630 3037 712 3092 ‹imm-
722 3036 869 3088 bunum·

70 3115 162 3164 estem
179 3111 215 3166 de
230 3129 336 3179 genere
354 3111 408 3171 hoo
424 3113 559 3173 mironio
574 3114 674 3170 muns
686 3109 840 3165 sinemus,

61 3201 133 3253 quse
152 3186 255 3245 violare
273 3189 362 3247 fidem
383 3197 471 3268 qnasi
489 3190 631 3250 seus'nms
647 3183 754 3242 omno·
770 3165 944 3244 umam*
