2040 3426
465 109 536 165 1111
718 173 720 178 s
865 115 921 173 115

72 212 157 281 inque
174 212 234 267 dics
251 212 341 281 gliscit
358 212 433 267 furer
451 217 535 281 atque
552 231 681 270 aerumna
697 219 840 287 gravescit,

74 289 98 341 si
114 306 168 342 non
186 289 274 358 prima
291 288 367 342 nevis
385 288 529 344 conturbes
550 290 656 346 volnera
672 294 760 360 plagis
875 310 922 352 107⁰

72 365 269 435 volgivagaque
287 381 373 432 vagus
393 365 501 420 Venere
518 369 581 422 ante
603 368 721 422 recentia
739 385 819 422 eures

72 448 121 498 aut
139 443 191 496 alio
208 442 296 511 possis
314 440 397 494 animi
415 441 560 495 traducere
577 446 675 496 metus.

108 520 167 574 Nee
185 519 303 572 Veneris
320 516 412 570 fructu
430 522 506 570 earet
523 518 547 570 is
565 518 702 587 quiritat
717 537 845 591 amorem,
885 566 887 570 .

73 596 123 650 sed
140 596 233 665 potius
251 611 321 663 quae
339 597 403 647 sunt
421 594 479 646 sine
497 610 585 662 poena
602 589 744 650 commeda
761 599 852 654 sumit.
925 625 927 629 ·

72 688 137 725 nam
155 674 229 724 certe
246 672 342 738 purast
360 670 431 722 sanis
449 669 536 736 magis
554 668 619 723 inde
636 670 761 740 voluptas
872 690 920 732 1075

72 764 155 815 quam
173 746 286 799 miseris.
305 746 405 798 etenim
423 745 549 814 potiundi
567 749 691 815 tempere
708 747 737 800 in
754 748 814 818 ipso

72 823 188 876 fluctuat
205 822 317 875 incertis
336 821 474 875 erroribus
492 821 574 874 arder
591 825 730 877 amantum

72 915 123 953 nec
141 897 335 967 constatquid
351 897 470 966 primurn
487 897 765 968 cerdisnrauibusque
782 901 915 958 fruantur.

72 974 148 1044 qued
164 973 279 1042 petiere,
295 976 425 1043 premunt
442 975 502 1027 arte
520 974 677 1041 faciuntque
695 975 816 1030 delorem
859 971 861 975 ’

71 1050 194 1120 corperis
210 1052 240 1104 et
256 1049 353 1103 dentes
371 1048 489 1103 inlidunt
508 1065 587 1117 saepe
605 1049 715 1104 labellis
872 1068 921 1107 rese

72 1126 217 1194 osculaque
234 1125 374 1193 adfligunt,
393 1126 527 1193 quianon
544 1129 588 1179 est
604 1143 674 1195 pura
691 1128 817 1198 voluptas

72 1206 102 1257 et
119 1202 222 1256 stimuli
240 1200 356 1256 subsunt
373 1201 420 1270 qui
437 1201 570 1268 instigant
587 1201 697 1256 laedere
713 1204 744 1257 id
761 1205 851 1274 ipsum

71 1277 261 1348 quodcumque
279 1281 329 1342 est,
347 1278 437 1331 rabies
453 1278 527 1330 unde
544 1277 622 1330 illaec
639 1279 766 1345 germina
779 1285 902 1349 surgunt.

72 1354 122 1408 sed
139 1355 237 1409 leviter
253 1371 355 1424 peenas
372 1352 473 1419 frangit
490 1352 586 1406 Venus
602 1351 675 1407 inter
692 1370 812 1408 amorem

71 1429 225 1499 blandaque
243 1431 363 1485 refrenat
381 1445 487 1481 mersus
504 1427 628 1481 admixta
644 1428 778 1499 voluptas.
873 1446 920 1485 ress

71 1522 190 1575 namque
207 1505 236 1558 in
253 1522 287 1559 ee
305 1522 367 1573 spes
385 1504 525 1570 est'unde
543 1507 586 1558 est
604 1504 711 1558 ardoris
728 1506 811 1573 erigo,

72 1581 205 1650 restingui
224 1597 332 1651 queque
349 1597 429 1651 posse
447 1580 481 1634 ab
499 1581 597 1635 eodem
615 1597 729 1651 corpere
746 1581 892 1637 flammam.

72 1657 147 1726 qued
163 1657 223 1711 fieri
240 1661 335 1711 centra
353 1661 442 1711 totum
460 1660 557 1710 natura
575 1660 724 1727 repugnat;

71 1749 180 1802 unaque
189 1749 233 1786 res
242 1733 309 1786 haee
319 1736 370 1798 est,
380 1733 456 1788 cuius
465 1750 551 1800 pacm
560 1750 640 1802 quam
650 1733 914 1802 plurimahabcmrrs,

73 1814 132 1863 tum
150 1809 236 1876 magis
254 1808 374 1862 ardescit
391 1809 452 1862 dira
469 1809 622 1879 cuppedine
639 1814 742 1877 pectus.
871 1826 919 1865 1000

71 1902 134 1938 nam
152 1885 228 1939 cibus
245 1888 329 1952 atque
347 1901 424 1937 umor
441 1883 572 1938 membris
589 1885 743 1938 adsumitur
759 1884 849 1951 intus;

72 1977 142 2030 quae
159 1960 288 2028 queniam
307 1965 397 2012 certas
414 1962 528 2025 pessunt
546 1959 672 2012 obsidere
689 1960 785 2028 partis,

72 2037 123 2090 boe
140 2035 220 2089 facile
237 2035 364 2103 expletur
381 2034 492 2087 iaticum
509 2034 673 2102 frugumque
691 2034 798 2102 cupide.

72 2130 107 2166 cx
125 2111 241 2164 hominis
258 2126 322 2163 vere
341 2109 409 2162 facie
427 2108 594 2177 pulchreque
612 2110 701 2163 celere

71 2189 109 2242 nil
128 2185 255 2240 daturin
273 2201 371 2254 cerpus
388 2187 500 2252 praeter
518 2184 662 2238 simulacra
679 2185 825 2240 fruendum
872 2204 920 2244 resa

71 2264 178 2328 tenvia;
197 2279 266 2330 quae
284 2264 365 2315 vente
383 2277 447 2330 spes
464 2263 670 2329 raptastsaepe
687 2261 800 2315 misella.

73 2344 103 2393 ut
121 2338 216 2391 bibere
233 2337 261 2390 in
279 2337 378 2389 somnis
396 2336 491 2389 sitiens
509 2352 591 2404 quem
610 2336 717 2404 quaerit
735 2340 764 2391 et
781 2355 860 2394 umor

71 2432 125 2468 nen
145 2413 234 2481 datur,
253 2412 378 2466 arderem
397 2412 444 2480 qui
462 2411 592 2465 membris
610 2412 749 2481 stinguere
765 2416 860 2485 pessit,

72 2491 121 2544 sed
138 2489 249 2543 laticum
267 2488 411 2542 simulacra
428 2488 498 2558 petit
515 2488 670 2557 frustraque
687 2489 794 2546 laborat

70 2568 98 2621 iu
116 2566 260 2634 medioque
278 2565 337 2619 sitit
355 2565 469 2618 torrenti
489 2565 600 2618 flumine
617 2569 723 2635 potans,
823 2614 826 2619 .
869 2583 918 2624 1100

71 2645 109 2697 sic
127 2643 155 2696 in
174 2658 265 2695 amere
283 2641 378 2695 Venus
396 2641 546 2694 simulacris
564 2641 635 2694 ludit
652 2642 770 2697 amantis

71 2736 121 2773 nec
140 2718 239 2771 satiare
259 2719 363 2783 queunt
381 2716 529 2784 spectando
547 2732 660 2784 corpora
677 2734 768 2772 ceram

71 2812 121 2849 nec
138 2794 263 2847 manibus
282 2790 426 2859 quicquam
445 2792 547 2844 terreris
564 2791 698 2845 abradere
715 2795 844 2849 membris

72 2874 186 2941 pessunt
204 2870 328 2921 errantes
346 2866 443 2918 incerti
461 2883 573 2932 corpere
591 2870 657 2920 tete.
740 2882 742 2886 ·

73 2947 188 3013 denique
206 2961 268 2999 cum
287 2941 417 2995 membris
435 2942 549 2995 conlatis
567 2941 633 2995 flere
651 2943 781 2998 fruuntur
872 2963 919 3001 rres

72 3023 177 3087 aetatis,
196 3021 250 3074 iam
268 3035 330 3074 eum
347 3019 487 3088 praesagit
504 3018 606 3089 gaudia
622 3035 726 3088 cerpus

69 3100 153 3164 atquc
170 3097 197 3150 in
216 3099 277 3152 cest
296 3093 393 3151 Venus
410 3098 445 3153 ut
461 3096 615 3154 munirebria
631 3097 769 3149 censerat
784 3104 872 3147 amas

59 3170 189 3239 adfigunt
206 3173 291 3230 aride
308 3190 418 3250 corpus
436 3176 625 3248 irmgrmtuue
643 3170 760 3226 scisses
814 3216 818 3223 ,
