2040 3426
102 132 158 190 roo
204 91 207 97 ‘
492 119 566 177 1111

103 233 127 288 si
145 246 227 294 mare,
245 227 268 282 si
286 229 389 296 terrast
406 223 491 293 eordi,
509 224 532 277 si
551 221 807 291 deniquecaelumr

102 309 252 363 conventus
270 304 406 356 hominum
425 317 553 371 pompam
571 297 693 361 eonviuia
710 313 825 367 pugnes,

101 384 190 439 omnia
208 381 259 434 sub
279 378 397 433 verbone
416 381 492 432 ereat
510 381 608 429 natura
626 376 780 444 paratquet,
917 387 956 430 7⁸5

101 477 163 514 eum
181 456 344 528 praesertim
364 455 424 509 aliis
441 452 537 507 eadem
554 453 583 505 in
600 451 842 519 regionejloeoquo

102 537 180 605 longe
199 533 337 588 dissimilis
355 532 460 586 animus
477 546 521 584 res
540 529 643 598 cogitet
661 529 765 586 omnis.-

102 613 169 682 quid
187 629 276 682 porro,
295 610 323 662 in
341 624 484 664 numerum
503 607 653 677 procedere
671 622 733 659 eum
751 605 897 660 simulacra

102 690 236 744 cernimus
254 689 282 741 in
301 687 400 741 somnis
419 688 448 737 et
465 684 557 737 melfia
574 682 698 737 membra
715 699 832 748 movere,

103 765 201 834 mollia,
220 764 356 818 mobiliter
374 779 435 815 cum
454 761 567 814 alternis
585 759 713 813 bracchia
730 760 845 813 mittunt
919 771 958 813 ao

103 847 132 895 et
149 843 273 895 referunt
291 839 376 892 oculis
393 842 502 907 gestum
520 839 591 908 pede
610 836 796 891 convenienti?

103 919 206 971 seilicet
223 921 284 970 arte
303 915 415 968 madent
434 914 579 968 simulacra
597 919 627 969 et
645 914 727 967 doeta
744 915 886 979 vagantur,

105 997 236 1047 nocturno
253 993 344 1046 faeere
362 995 393 1044 ut
411 992 515 1058 possint
532 991 560 1043 in
579 995 704 1060 tempere
721 987 808 1041 ludeo.

104 1086 138 1121 an
156 1068 242 1136 magis
259 1067 328 1120 illud
345 1067 398 1119 erit
416 1068 528 1122 rerumt
547 1067 611 1135 quia
629 1071 752 1135 tempore
769 1064 796 1116 in
814 1078 876 1130 uno,

104 1162 165 1198 oum
184 1143 316 1197 sentimus
333 1143 370 1209 id,
389 1148 419 1196 ot
437 1160 499 1196 oum
517 1159 570 1197 vox
588 1143 725 1197 emittitur
742 1157 803 1205 una,
920 1152 957 1191 795

106 1229 230 1289 tempora
246 1220 333 1273 multa
352 1220 446 1287 latent,
464 1219 534 1272 ratio
553 1236 624 1289 quae
643 1217 778 1287 comperit
795 1231 863 1279 esse,

105 1301 250 1366 propterea
268 1296 300 1349 fit
317 1297 358 1349 uti
376 1296 471 1365 quovis
487 1296 516 1348 in
534 1298 658 1364 tompore
676 1309 800 1362 quaeque

105 1378 214 1442 praesto
233 1373 287 1426 sint
306 1372 451 1432 simulacra
467 1371 533 1426 loeis
551 1372 580 1425 in
598 1372 713 1441 quisque
731 1371 835 1436 parata.

105 1465 183 1496 TANra
194 1465 348 1496 MOBILITASST
357 1465 386 1496 ΕΤ
397 1465 481 1497 RERUM
491 1465 562 1498 corn.
571 1464 650 1496 TANTA

107 1534 152 1565 1100
163 1533 204 1564 UBI
214 1533 290 1564 PRIMA
301 1532 370 1563 PERH'
380 1532 485 1570 anloeun
495 1532 537 1564 EST
547 1532 640 1564 ALTERA
650 1532 716 1566 Nara
921 1531 959 1571 ω)

107 1600 166 1632 INDE
176 1600 250 1633 STATU
261 1599 333 1631 PRIOR
346 1600 388 1632 1110
402 1600 496 1632 GESTUM
509 1599 618 1632 MUTASSE
627 1600 734 1633 vlnerum

107 1659 136 1708 ot
154 1653 218 1722 qnia
235 1653 327 1707 tenvia
344 1657 414 1720 sunt,
433 1654 484 1706 nisi
502 1671 532 1708 se
550 1655 697 1723 contendit,
716 1660 797 1712 acute

108 1746 219 1783 eernere
231 1746 283 1782 non
295 1730 368 1797 potis
380 1733 423 1782 est
435 1730 541 1783 animus
551 1752 556 1795 ;
567 1730 681 1799 proinde
693 1733 783 1786 omnia
794 1750 865 1803 quae
878 1739 944 1789 sunt

108 1808 253 1875 praeterea
269 1809 394 1873 pereunt,
412 1805 463 1858 nisi
481 1806 577 1874 siquae
595 1806 631 1859 ad
649 1823 679 1860 se
696 1808 756 1876 ipse
772 1810 888 1879 paravit.

109 1883 167 1950 ipse
184 1884 265 1951 parat
283 1897 342 1934 sese
360 1897 442 1951 porro
460 1885 608 1951 speratque
626 1883 747 1938 futurum
921 1901 959 1941 sos

109 1962 140 2011 ut
157 1958 249 2011 rident
267 1958 340 2027 quod
359 1959 533 2026 consequitur
551 1974 609 2012 rem
628 1977 779 2030 quamque3
797 1962 830 2016 fit
847 1979 920 2032 orgo.

109 2049 198 2087 nonne
215 2032 290 2087 vides
308 2034 399 2087 oeulos
418 2035 508 2102 otiam,
526 2051 587 2088 eum
606 2037 699 2090 tenvia
716 2055 785 2106 quae
803 2041 867 2092 sunt

109 2126 222 2164 eernere
239 2113 395 2178 coeperunt,
414 2109 578 2165 contendere
597 2129 626 2166 se
644 2117 727 2181 atque
744 2131 849 2183 parare,

109 2202 159 2239 nee
177 2187 234 2240 sine
252 2202 284 2239 eo
303 2186 362 2239 fieri
380 2203 460 2255 posse
478 2189 510 2240 ut
527 2203 669 2242 cernamus
688 2191 784 2244 acute?
922 2206 961 2244 sro

110 2265 139 2316 et
156 2266 249 2315 tamen
265 2263 299 2329 in
312 2263 395 2315 rebus
413 2279 521 2331 quoque
539 2265 641 2333 apertis
659 2281 772 2319 noscere
789 2266 885 2335 possin,

110 2338 133 2390 si
149 2354 203 2391 non
221 2337 348 2391 advertas
367 2339 492 2406 animum,
511 2339 625 2408 proinde
644 2357 704 2395 esse
723 2343 799 2410 quasi
817 2343 890 2394 omni

110 2417 233 2481 tempore
251 2415 385 2466 semotum
403 2415 486 2468 fuerit
503 2416 637 2484 longeque
655 2422 797 2471 remotum.

111 2505 159 2542 our
176 2488 260 2554 igitur
277 2487 411 2556 mirumst,
430 2491 534 2544 animus
552 2492 573 2544 si
592 2496 684 2546 cetera
701 2493 795 2563 perdit

110 2567 302 2633 praeterquam
320 2564 418 2632 quibus
436 2569 478 2619 est
495 2568 522 2619 in
540 2568 622 2621 rebus
641 2569 752 2623 deditus
768 2571 845 2638 ipset
925 2583 963 2623 815

110 2639 209 2693 deinde
226 2638 403 2707 adopinamur
421 2641 455 2694 de
473 2642 555 2708 signis
573 2644 690 2698 maxima
706 2648 798 2715 parvis

111 2733 142 2769 10
160 2732 210 2769 nos
226 2715 255 2768 in
273 2717 398 2770 fraudem
416 2718 550 2780 induimus
568 2721 751 2777 frustraminis
769 2721 841 2792 ipsi]

147 2791 194 2845 Fit
211 2809 319 2862 quoque
336 2797 368 2846 ut
386 2795 522 2847 interdum
539 2814 593 2850 non
613 2799 806 2868 suppeditetur
823 2798 915 2866 imago

113 2866 233 2920 eiusdem
251 2869 367 2937 generis,
386 2871 435 2923 sed
453 2871 552 2926 femina
570 2890 640 2941 quae
657 2874 710 2928 fuit
727 2878 800 2943 ante,

112 2941 140 2992 in
157 2942 282 2996 manibus
299 2946 341 2998 vir
359 2947 401 3000 uti
418 2946 507 3000 faetus
525 2948 651 3002 rideatur
668 2950 772 3018 adesse,
925 2966 965 3005 sao

101 3015 223 3069 1111111
242 3035 279 3072 ex
294 3020 350 3075 1111
367 3022 452 3077 faeies
470 3026 602 3094 aetasque
619 3029 758 3094 sequatur.

57 3111 71 3136 ⁶·
85 3087 168 3148 qnod
180 3105 220 3144 ne
236 3095 380 3165 miremur
399 3117 487 3171 sopor
506 3104 594 3172 atquo
611 3100 715 3154 obtima
730 3103 841 3152 emant.

45 3201 47 3206 ι
99 3155 124 3220 [
119 3157 204 3217 Illud
220 3169 253 3224 in
270 3172 323 3230 Iris
341 3175 435 3234 rebus
454 3179 565 3234 vitium
584 3179 736 3232 sementen
755 3172 864 3224 aveatis
