2040 3426
111 138 148 195 44
516 133 552 191 II

107 256 160 293 non
177 238 289 309 poterit,
306 254 401 307 nequo,
419 237 493 305 quod
510 232 642 306 superest,
658 253 834 307 procrescere
851 238 948 307 alique.

105 317 206 386 quippe
215 316 320 371 ,etenim
332 331 438 368 sumam
449 314 500 368 hoe
513 331 621 383 quoque
634 316 675 370 501
686 316 764 370 finita·
776 332 917 385 peremne

5 434 7 443 ,
105 408 220 462 corpora
236 392 331 445 iactari
349 391 428 443 unius
445 390 576 459 genitalia
593 392 639 457 rei,

39 526 48 543 ο
104 468 177 522 unde
194 467 241 520 ubi
259 467 356 537 quavi
374 469 404 520 00
421 483 475 535 quo
493 469 574 535 pacto
592 484 738 536 congressa
755 467 868 522 coibunt

103 543 235 598 materiae
253 546 330 597 tanto
347 543 375 595 in
393 542 489 611 pelago
507 542 644 609 turbaque
662 544 767 597 aliena?
919 559 956 598 550

103 634 164 686 505,
182 623 214 673 50
232 619 334 688 opinor,
353 618 456 672 habent
474 619 609 672 rationem
627 619 807 683 conciliandi3

103 695 153 748 sed
170 695 247 764 quasi
264 694 413 762 naufragi-is
430 695 536 763 magnis
553 694 702 763 multisque
721 694 821 762 coortis

102 769 248 824 disiectare
267 771 336 824 solet
354 787 482 838 magnum
499 787 575 823 mare
594 773 714 824 transtra
731 770 855 838 guberna

102 849 245 900 antemnas
263 863 374 916 proram
392 846 478 899 malos
497 849 644 913 tonsasque
663 847 792 914 natantis,

101 928 152 990 per
169 916 306 976 terrarum
325 922 411 975 omnis
429 937 491 974 oras
509 920 643 974 fluitantia
661 921 784 989 aplustra
917 938 955 976 555

101 1000 133 1050 ut
150 998 296 1051 videantur
314 1001 343 1051 et
361 997 490 1051 indicium
508 996 669 1069 mortalibus
688 997 779 1066 edant,

101 1072 178 1125 infidi
196 1073 280 1126 maris
298 1073 410 1126 insidias
429 1072 548 1140 virisque
566 1071 712 1141 dolumque

100 1151 132 1201 ut
150 1148 237 1203 vitare
254 1147 346 1215 velint,
365 1165 433 1202 neve
451 1147 506 1201 ullo
523 1150 648 1216 tempore
667 1148 787 1216 credant,

99 1223 215 1278 subdola
233 1241 295 1279 eum
313 1224 386 1278 ridet
404 1223 504 1293 placidi
522 1223 636 1292 pellacia
654 1224 740 1293 ponti,

98 1300 137 1354 sie
155 1301 206 1354 tibi
224 1301 247 1354 si
264 1301 343 1354 linita
362 1300 445 1354 semel
462 1299 612 1369 primordia
629 1300 764 1368 quaedam
914 1315 952 1354 500

98 1377 255 1445 constituos,
274 1393 368 1431 aevom
387 1376 528 1430 debebrmt
546 1391 640 1444 sparsa
657 1391 707 1442 per
726 1391 835 1429 omnem

63 1450 68 1459 '
99 1451 244 1506 disiectare
262 1457 355 1506 aestus
375 1452 475 1506 diversi
492 1451 623 1518 materiai,

38 1533 41 1539 '
97 1543 243 1596 numquam
262 1530 289 1581 in
309 1528 452 1582 concilium
469 1531 501 1580 50
519 1527 623 1594 possint
642 1527 782 1596 compulsa
799 1527 872 1582 coire

97 1618 148 1655 neo
166 1604 298 1656 remorari
316 1605 345 1655 in
364 1602 475 1656 00501110
493 1617 543 1655 500
562 1617 685 1655 05000050
702 1603 838 1670 adaucta3

96 1694 211 1745 quorum
224 1682 373 1747 utrumque
384 1677 474 1746 palam
487 1676 546 1730 fieri
558 1676 703 1731 manifesta
715 1677 797 1733 docet
809 1696 861 1747 res,
914 1695 952 1737 505

96 1756 186 1806 00500
203 1752 331 1822 progigni
349 1757 378 1807 00
396 1753 503 1821 genitas
521 1769 695 1822 procrescere
713 1770 800 1822 posse.

95 1844 154 1881 osse
173 1829 257 1896 igitur
274 1846 375 1897 genero
393 1830 420 1882 in
437 1828 534 1898 'quovis
551 1828 701 1897 primordia
719 1847 811 1883 rerum

94 1904 201 1957 infinita
218 1905 307 1973 palam
327 1910 369 1959 est
387 1905 461 1959 unde
479 1905 569 1958 omnia
586 1904 805 1974 suppeditantur.

129 1981 154 2033 N
156 1997 187 2035 00
205 1997 334 2050 superare
353 1985 456 2051 queunt
473 1984 563 2035 motus
581 1984 675 2048 itaque
694 1982 818 2035 exitiales

93 2061 226 2126 perpetuo
244 2075 333 2126 neque
351 2058 379 2111 in
398 2061 539 2112 aeternum
557 2057 672 2126 sepelire
690 2057 813 2126 salutem,
914 2073 960 2115 550,

93 2150 142 2187 500
160 2151 242 2203 porro
260 2151 352 2187 rerum
370 2134 503 2202 genitales
521 2132 695 2201 auctificique

93 2213 182 2264 motus
200 2214 335 2280 perpetuo
354 2214 469 2280 possunt
487 2225 596 2264 servare
614 2212 713 2263 creata.

92 2287 129 2338 sio
148 2304 234 2354 aequo
252 2287 358 2354 geritur
377 2286 527 2340 certamine
544 2285 739 2355 principiorum

92 2377 125 2412 cx
143 2362 250 2415 infinito
269 2365 441 2415 contractum
460 2365 584 2429 temporo
602 2360 710 2414 bellum.

91 2455 160 2491 nune
177 2438 221 2490 hie
240 2454 311 2489 nunc
329 2437 384 2490 illic
403 2440 534 2505 superant
552 2436 644 2489 vitalia
660 2453 751 2489 rerum
913 2454 952 2496 575

90 2517 119 2567 00
137 2517 302 2582 superantur
320 2513 394 2566 item.
413 2515 543 2565 misectur
561 2511 656 2563 funere
674 2528 758 2580 vagor

90 2608 170 2659 quern
188 2589 267 2660 pueri
284 2589 386 2643 tollunt
404 2588 517 2642 visentis
534 2586 643 2640 luminis
661 2603 742 2654 oras;·

90 2685 139 2723 500
157 2684 211 2720 uox
228 2667 284 2720 ulla
302 2666 375 2719 diem
394 2682 483 2735 neque
501 2667 609 2718 noctem
627 2679 724 2717 aurora
742 2669 863 2720 secutast
905 2675 907 2680 '

89 2762 158 2812 quae
176 2762 228 2798 non
247 2742 366 2797 audierit
385 2742 485 2796 mixtos
504 2739 641 2808 vagitibus
659 2741 748 2807 aegris

89 2821 211 2887 ploratus
228 2820 324 2874 5505010
343 2820 456 2874 comites
476 2822 504 2872 00
522 2817 624 2870 funeris
642 2817 703 2870 atri.
913 2832 953 2876 sao

126 2895 199 2946 lllud
216 2896 244 2947 in
262 2895 305 2947 his
324 2897 497 2963 obsignatum
516 2911 624 2962 quoque
643 2893 724 2947 robus
741 2893 843 2947 habere

78 2969 210 3018 00550510
228 2973 259 3021 00
275 2973 393 3024 memori
412 2972 574 3025 mandatum
591 2973 684 3023 mente
701 2973 804 3037 005050,

60 3035 105 3081 '¹17
121 3053 190 3099 0⁸³0,
211 3042 242 3094 1'11
258 3051 403 3116 promptu
422 3065 544 3119 quorum
561 3050 664 3102 natura
679 3045 801 3110 uidetur,

43 3106 129 3160 quod
142 3125 257 3195 genere
278 3135 319 3172 ex
338 3139 400 3188 uno
418 3128 564 3182 consistat
580 3122 798 3196 principiomm,

30 3182 86 3219 ’ΨΒ
106 3195 274 3249 qumquam
297 3199 385 3261 quod
405 3218 468 3255 non
489 3202 643 3273 permixto
664 3196 773 3251 somine
793 3194 926 3251 enniana,
948 3206 992 3242 uss
