2040 3426
473 58 541 114 xxiii

133 201 183 254 216
218 212 268 266 pro
281 210 355 250 111111
367 195 555 253 Lachmannus
569 197 656 252 mitti.
667 197 765 253 melius
778 199 872 254 tamen
883 212 930 255 011·

79 283 179 339 cidisse
196 297 305 336 vorsum
321 280 465 335 constituit
483 281 629 336 Goebeiius
647 281 704 336 obs.
722 282 830 336 Lucret
847 297 873 351 p.
889 287 930 337 25.

80 370 201 438 loquitur
224 368 297 422 enim
321 369 404 437 poeta
424 365 460 421 de
484 367 636 422 incredibili
658 369 756 424 horum
786 385 930 438 corporum

80 452 227 508 celeritate.
248 469 344 508 versus
368 441 514 522 sequentes
538 443 661 515 Gellium
695 458 724 510 et
752 454 873 509 Nonium
901 453 930 508 in

79 542 178 607 quarto
189 539 260 594 libro
275 539 375 607 legisse
390 542 497 593 certum
509 542 553 594 est
566 556 618 594 nec
633 540 748 595 dubium
763 557 824 596 esse
837 543 930 611 potest

76 625 146 695 ¹quin
159 641 210 679 eos
234 629 283 679 aut
305 625 364 693 ipse
387 627 530 695 poetaeut
553 624 659 695 primus
682 624 775 681 editor
796 625 848 681 hoo
871 626 930 680 loco

78 712 209 782 posuerit.
232 711 373 767 fatendum
396 713 554 767 esttamen
576 711 605 766 in
623 710 694 773 libro
715 714 801 780 serto,
824 710 873 765 ubi
894 710 930 765 ad

14 843 17 846 .
78 798 202 854 litteram
215 797 360 866 iterantur,
375 797 413 850 ad
426 796 478 851 loci
496 797 661 853 sententiam
672 813 820 867 rerumque
833 813 930 852 conex-

79 900 126 938 um
137 883 224 938 multo
236 882 494 938 accommodatiores
505 898 576 938 esse.

131 977 182 1025 229
200 973 231 1026 et
249 970 294 1025 hic
313 972 343 1025 et
365 969 395 1024 in
412 971 498 1029 sexto,
510 968 582 1023 libro
605 967 761 1024 necessario
780 967 930 1023 seruandus

79 1055 196 1111 videtur.
215 1056 282 1112 dicit
292 1059 375 1125 poeta
385 1072 435 1110 nos
451 1054 588 1110 sentiendi
599 1054 655 1110 vim
666 1056 800 1125 perpetuo
819 1053 929 1122 habere,

79 1146 109 1199 et
122 1144 212 1212 licere,
224 1143 248 1197 si
262 1142 385 1211 velimus,
401 1140 492 1197 omnia
507 1149 615 1210 semper
631 1157 745 1198 eernere
763 1144 816 1197 oet.
845 1140 930 1195 Lach-

78 1228 171 1283 manni
182 1228 310 1296 rationes,
321 1227 370 1296 qui
382 1228 454 1282 hunc
466 1243 576 1282 versum
592 1227 680 1297 eiecit,
691 1243 778 1296 paene
794 1227 930 1282 absurdae

79 1315 150 1368 sunt.
172 1312 265 1367 dicere
281 1311 355 1365 enim
374 1326 424 1365 nos
440 1313 573 1379 perpetuo
589 1312 626 1365 et·
637 1327 746 1379 semper
761 1310 851 1365 omnia
869 1327 929 1366 sen-

79 1401 139 1469 tiro,
152 1399 278 1468 desipere
290 1399 340 1452 est.
551 1459 560 1474 ,

130 1484 256 1540 meliori
267 1497 354 1540 00010.
390 1481 681 1538 Lachmannuscurat.

130 1575 179 1630 271
194 1573 223 1626 et
234 1573 286 1629 278
297 1586 348 1641 pro
359 1584 434 1624 vnuu
445 1568 550 1624 fnestra
562 1568 752 1624 Lachmannus
763 1575 838 1639 sant,
850 1570 921 1625 bona

93 1712 96 1719 ,
130 1663 181 1713 284
192 1673 243 1727 pro
261 1671 293 1711 1u
310 1670 371 1711 nun
388 1654 484 1726 scripsi
496 1654 531 1710 10
541 1655 624 1711 idam.
661 1655 753 1710 hausit
770 1656 804 1711 id
819 1672 929 1725 praece-

78 1741 147 1795 dens
164 1741 198 1795 10
205 1759 219 1806 ,·
238 1739 338 1795 deinde
356 1757 391 1795 ex
402 1757 447 1796 om
458 1739 525 1796 fecit
537 1739 667 1795 librarius
685 1757 757 1796 eam.
792 1745 888 1799 contra
899 1757 930 1798 1v

80 1829 146 1884 1037
158 1826 191 1879 in
204 1824 307 1881 excidit
317 1828 381 1894 post
393 1824 432 1879 id.
461 1823 651 1880 Lachmannus
662 1825 778 1891 iterum.

129 1917 180 1968 290
193 1911 383 1967 Lachmannus
394 1927 449 1965 non
459 1914 535 1966 reete
546 1914 610 1980 post
625 1914 677 1970 270
689 1912 841 1971 collocavit.
876 1913 929 1969 ool-

77 1999 133 2054 lato
145 1999 219 2054 enim
232 2003 281 2058 107
294 2001 409 2068 apparet
426 1997 570 2053 simulacra
582 1998 626 2053 vel
638 1998 778 2068 imagines,
790 2017 845 2054 non
856 1999 929 2071 ipsas

77 2101 129 2152 res,
142 2083 314 2154 speculorum
326 2100 362 2139 ex
373 2099 492 2154 aequore
511 2083 630 2140 reddere
641 2085 737 2140 1100111.
773 2086 867 2155 itaque
878 2102 929 2155 pro

78 2183 151 2222 11110
169 2182 243 2228 onan
259 2183 391 2224 snonmur
403 2167 499 2239 scripsi
511 2167 571 2224 illic
582 2183 656 2236 quor
668 2168 797 2223 reddunt.

131 2257 181 2307 303
194 2251 383 2306 Lachmannus
394 2258 446 2307 out
457 2255 529 2322 ante,
537 2268 589 2320 ego
601 2268 664 2307 eum
675 2252 814 2308 veteribus
825 2270 857 2308 oo
867 2260 930 2322 post

76 2351 129 2392 sax
142 2326 246 2393 addidi.

129 2428 229 2479 alo-6
241 2421 305 2477 libri
316 2436 391 2477 1000
400 2422 553 2481 Commune.
573 2425 762 2484 Iaschmannus
772 2429 928 2500 0100,Λονο

76 2509 217 2564 conticesco.
253 2507 351 2563 melius
362 2508 526 2579 Bernaysius
537 2526 589 2566 aar
602 2511 681 2580 Ater,
692 2513 833 2570 00011000.

130 2593 198 2650 Post
210 2596 260 2652 397
272 2609 328 2648 non
340 2593 437 2650 dubito
450 2595 515 2664 quin
526 2594 608 2650 huius
618 2596 677 2653 fere
688 2597 763 2651 modi
774 2615 870 2654 versus
881 2617 928 2654 ex-

78 2677 185 2746 ciderit,
196 2679 310 2733 Folicro
320 2695 400 2747 saepo
411 2680 547 2734 00101010
557 2680 652 2736 simili
663 2679 775 2736 ratione
792 2681 927 2737 vidimus.

79 2761 133 2816 Pro
144 2777 337 2824 nxrsurrsoun
349 2762 537 2820 Lachmannus
549 2782 604 2821 non
614 2765 686 2821 bene
698 2771 795 2820 estuat
808 2783 898 2835 aequo.
978 2818 982 2824 .

129 2849 403 2904 4180010001011.
422 2853 452 2905 et
464 2838 596 2906 Lambino
615 2855 679 2906 ante
698 2851 813 2906 videare
831 2853 926 2910 addidi

78 2939 118 3001 01,
131 2934 206 3002 quod
223 2933 263 2988 ibi
280 2933 407 2990 facillime
425 2935 551 2991 excidere
568 2936 666 3005 potuit.
703 2935 803 2991 deinde
814 2942 865 2993 419
877 2955 926 3007 pro

78 3035 212 3090 corrosa,
221 3021 297 3092 quod
307 3025 390 3079 nocet
398 3021 556 3091 sententiae,
568 3028 657 3078 cetera
663 3042 676 3089 ;
690 3026 720 3079 et
730 3040 781 3093 pro
796 3038 933 3078 mmsuon

78 3105 173 3173 scripsi
190 3105 332 3164 mirando.
353 3104 425 3167 ,rem
438 3123 495 3164 non
512 3107 658 3164 intellexit
665 3107 878 3177 iussisse-uuus
892 3100 962 3161 enixi
