2040 3426
365 386 394 441 Τ.
412 386 579 443 LUORE'TI
600 389 694 444 CARI

207 548 288 626 DE
328 552 548 640 RERUM
587 555 853 632 NATURA

366 742 495 791 LIBER
518 743 692 795 PRIMUS.

473 919 574 950 ...0-

108 1101 268 1156 Aeneadum
285 1101 421 1169 genetrix,
439 1103 580 1157 hominum
598 1103 743 1173 divomque
760 1106 892 1174 uoluptas,

104 1178 177 1230 alma
196 1176 297 1238 Venus,
315 1177 383 1230 caeli
402 1178 497 1232 subter
517 1178 639 1232 labentia
656 1179 733 1245 signa

105 1268 177 1321 quae
194 1267 269 1304 marc
287 1252 453 1319 navigerum,
472 1267 542 1318 quae
559 1255 649 1305 terras
667 1252 852 1320 frugiferentis

105 1325 288 1393 concelebras,
307 1343 357 1395 pcr
374 1330 404 1381 te
423 1327 550 1396 quoniam
568 1343 656 1395 genus
672 1344 752 1382 omne
769 1328 936 1381 animantum

104 1402 257 1471 concipitur
274 1402 390 1469 visitque
408 1405 535 1457 exortum
553 1402 656 1457 lumina
673 1403 744 1457 solis.
947 1417 960 1456 a

105 1483 143 1547 tc,
160 1479 220 1548 dea,
238 1482 267 1534 te
284 1478 392 1548 fugiunt
410 1478 497 1546 venti,¹
512 1481 541 1533 te
558 1477 653 1533 nubila
670 1480 738 1534 caeli

105 1556 307 1624 adventumque
324 1558 410 1623 tuum,
428 1553 480 1608 tibi
498 1555 589 1610 suada
607 1555 723 1610 daedala
741 1556 822 1610 tcllus

107 1634 253 1686 summittit
270 1632 357 1700 flores,
376 1631 428 1685 tibi
447 1631 541 1687 rident
560 1649 680 1703 aequora
697 1635 774 1702 ponti

105 1710 295 1778 placatumque
312 1708 385 1763 nitet
403 1707 501 1762 diffuso
519 1709 621 1763 lumine
638 1710 751 1765 caelum.

105 1803 168 1839 narn
186 1785 266 1838 simul
284 1800 316 1838 ac
333 1784 437 1853 species
459 1785 625 1853 patefactast
642 1803 727 1840 verua
745 1787 799 1841 dici
938 1802 961 1839 ro

105 1866 134 1915 ct
151 1864 274 1915 reserata
290 1860 366 1928 viget
386 1860 543 1927 genitabilis
562 1877 629 1915 aura
646 1862 744 1927 favoni,

105 1938 195 1992 aeriae
212 1937 329 2005 primum
350 1937 474 1991 volucres
493 1941 528 2003 tc,
547 1936 618 2002 diva
636 1940 770 2004 tuumque

106 2013 259 2081 significant
276 2012 374 2066 initum
394 2012 534 2082 perculsae
552 2012 636 2066 corda
654 2015 702 2067 tua
719 2013 753 2065 ri.

63 2106 85 2139 ra
106 2089 170 2142 inde
187 2089 262 2141 ferae
278 2087 396 2155 pecudes
416 2087 571 2156 persultant
589 2087 689 2155 pabula
706 2087 778 2140 laetu

62 2179 85 2213 υ
106 2169 136 2220 et
153 2162 265 2232 rapidos
282 2165 393 2216 tranant
411 2163 511 2216 amris:
530 2163 570 2215 ita
587 2166 668 2231 capta
685 2162 778 2230 lepore
941 2180 962 2215 la

107 2244 136 2295 tc
154 2238 278 2305 sequitur
296 2236 393 2303 cupide
412 2253 466 2303 quo
488 2253 625 2306 quamque
642 2237 772 2291 inducere
789 2237 887 2305 pergis.

106 2314 226 2382 donique
243 2329 293 2382 per
311 2313 397 2366 muria
419 2329 450 2367 ac
469 2314 569 2368 montis
586 2315 736 2383 fluviosque
754 2315 859 2385 rapacis

105 2389 323 2457 frondiferasque
342 2388 436 2442 domos
456 2391 546 2446 avium
565 2408 729 2461 camposque
747 2391 860 2446 virentis

106 2466 232 2521 omnibus
249 2465 382 2520 incutiens
401 2465 531 2520 blandum
553 2485 603 2537 per
620 2472 733 2537 pectora
750 2485 869 2523 amorem

106 2543 190 2596 officis
207 2546 240 2597 ut
257 2541 355 2612 cupide
373 2546 528 2611 generatim
549 2547 637 2600 saecla
653 2551 812 2616 propagent.
940 2560 963 2597 ao

107 2635 178 2686 quae
196 2619 323 2688 quoniam
341 2636 433 2673 rerum
454 2625 581 2674 naturam
599 2624 656 2677 sola
673 2624 810 2692 gubernas

108 2711 158 2748 nce
176 2695 280 2748 sinete
298 2695 443 2762 quicquam
463 2696 522 2749 dias
541 2697 569 2748 iu
588 2697 696 2751 luminis
714 2715 776 2752 oras

109 2769 232 2823 exoritur
249 2762 339 2838 neque
357 2771 390 2823 fit
408 2770 509 2824 laetum
528 2788 618 2838 neque
637 2773 752 2825 amabile
770 2772 921 2840 quicquam,

109 2850 139 2899 te
158 2845 255 2899 sociam
274 2844 371 2899 studeo
391 2844 543 2899 scribendis
562 2845 683 2898 versibus
701 2862 763 2898 csse

111 2937 180 2988 quos
197 2936 248 2986 ego
266 2919 412 2976 derorum
430 2924 533 2976 natura
549 2937 677 2991 peragere
695 2937 783 2975 conen
958 2919 1006 2985 ,ᾖ

104 2995 290 3052 Memmiadae
306 3003 406 3056 nostro
425 3018 515 3072 quem
531 3004 580 3070 tu,
596 2999 667 3067 dea,
679 3001 824 3063 tempure
834 2990 878 3042 'm
893 2988 983 3030 amm

95 3070 222 3188 pmuibus
241 3079 377 3136 ornatum
398 3081 524 3139 voluisti
543 3077 700 3138 excellere
717 3070 829 3127 nebus.
