2040 3426
376 353 405 410 u.
423 352 590 409 nucnnm
609 352 705 409 cnm
727 336 735 344 '

216 523 301 601 DE
344 523 563 600 RERUM
606 522 870 599 NATURA
942 535 946 541 '

404 724 515 774 LIBER
530 724 692 776 TERTIUS.

492 895 595 923 —c-

114 1035 138 1090 E
155 1031 278 1092 tenebris
289 1033 375 1093 tantis
391 1038 449 1092 tum
466 1039 569 1094 clarum
587 1039 721 1094 extollere
738 1039 831 1094 lumen
871 1084 874 1090 .

114 1113 161 1182 qui
178 1114 283 1183 primus
299 1113 415 1184 potuisti
432 1114 581 1170 inlustrans
598 1115 742 1169 commoda
758 1115 842 1183 vitae,

113 1193 143 1244 te
160 1206 266 1259 sequor,
285 1207 301 1244 ο
319 1190 419 1246 Graiae
435 1191 526 1260 gentis
544 1191 635 1258 decus,
653 1190 736 1258 inque
753 1191 809 1245 tuis
825 1206 898 1246 nunc

113 1266 178 1320 ficta
194 1267 297 1336 pedum
313 1283 385 1338 peno
402 1267 505 1339 pressis
521 1266 639 1335 vestigia
656 1266 748 1335 signis,

112 1358 166 1395 non
183 1343 224 1397 itu
241 1344 365 1398 certandi
382 1344 499 1414 cupidus
516 1354 597 1411 quem
615 1346 731 1412 propter
747 1359 868 1398 amorem
957 1365 971 1404 r

110 1417 187 1485 quod
205 1421 234 1473 te
251 1419 353 1473 imitari
370 1436 451 1484 uveo;
469 1419 536 1487 quid
553 1418 626 1472 enim
645 1418 795 1488 contendat
811 1419 930 1472 hirundo
947 1474 950 1478 ,

113 1494 211 1562 cycnis,
229 1498 278 1550 aut
295 1495 363 1562 quid
380 1511 443 1548 nam
460 1495 585 1548 tremulis
601 1495 693 1549 facere
710 1494 825 1550 artubus
843 1494 926 1548 haedi

112 1568 250 1623 consimile
266 1570 296 1623 in
313 1586 395 1624 cursu
411 1570 517 1639 possint
535 1573 564 1624 et
580 1571 661 1624 fortis
678 1571 741 1640 equi
759 1571 817 1626 visl

112 1650 150 1712 tu,
167 1647 255 1714 pater,
272 1662 303 1700 es
319 1661 412 1700 rerum
429 1647 562 1714 inventur,
580 1651 612 1702 tu
629 1647 817 1718 putria'nobis

112 1721 272 1790 suppeditas
289 1725 446 1792 praecepta,
464 1723 573 1791 tuisque
590 1740 633 1791 ex,
651 1724 759 1790 inclute,
777 1723 887 1790 chartis
942 1740 968 1778 10

112 1795 237 1851 lluriferis
254 1800 287 1852 ut
303 1813 369 1868 apes
385 1798 415 1852 in
433 1797 547 1853 saltibus
565 1799 656 1852 omnia
673 1799 769 1868 libant,

111 1872 201 1927 omnia
217 1889 267 1928 nos
284 1873 381 1929 itidem
398 1874 572 1944 depascimur
588 1891 672 1929 aurea
688 1874 771 1942 dicta,

112 1965 201 2019 aurea,
218 1954 353 2021 perpetuu
370 1967 479 2021 semper
496 1951 656 2019 dignissima
672 1951 737 2006 vitu

111 2042 173 2079 nam
192 2026 270 2080 simul
288 2043 320 2083 ac
338 2028 409 2082 ratio
426 2031 474 2082 tua
492 2027 583 2096 coepit
600 2026 743 2081 vociferari

110 2105 236 2157 naturam
254 2120 354 2172 rerum,
372 2103 464 2158 divina
482 2107 574 2158 mente
592 2106 692 2170 coortu,
941 2118 967 2160 15

109 2178 256 2248 diffugiunt
272 2180 355 2233 enimi
373 2183 502 2247 terrores,
520 2179 627 2234 moenia
644 2177 740 2232 muudi
772 2199 775 2203 ·

109 2254 264 2322 discedunt,
281 2258 371 2309 totum
389 2255 469 2310 video
486 2272 537 2325 per
556 2255 636 2310 inane
654 2255 713 2322 geri
730 2271 783 2309 res.

110 2332 227 2399 apparet
245 2330 337 2383 diuum
355 2347 455 2385 numen
473 2331 608 2399 sedesque
627 2332 736 2399 quietae

108 2422 175 2473 quus
193 2421 281 2473 neque
299 2407 456 2460 concutiunt
473 2407 549 2460 vcnti
568 2422 618 2461 nec
637 2407 730 2460 nubila
746 2405 848 2459 nimbis

107 2483 259 2551 aspergunt
276 2497 363 2549 neque
381 2481 428 2534 uix
446 2483 503 2535 acri
520 2486 648 2536 concreta
665 2483 763 2551 pruina
938 2498 964 2537 ru

107 2575 174 2613 cana
191 2558 292 2613 cadens
309 2559 393 2613 violat
407 2575 573 2633 'semperque
592 2559 728 2613 innubilus
746 2559 843 2613 uether

106 2630 213 2705 integit,
234 2639 263 2690 et
280 2635 356 2704 large
374 2635 472 2689 diffuso
490 2636 592 2690 lumine
609 2637 708 2691 rident.

106 2713 196 2765 omniu
214 2713 374 2782 suppeditat
392 2728 473 2782 porro
491 2717 588 2766 nutura
605 2729 695 2779 neque
712 2712 768 2765 ulle

104 2801 150 2839 res
167 2788 250 2841 animi
267 2807 362 2858 pacem
381 2788 486 2842 delibat
504 2791 629 2858 tempure
646 2789 674 2841 in
691 2787 753 2842 ullo.

104 2864 248 2916 utcontra
263 2880 396 2933 nusquam
414 2869 548 2934 apparent
567 2865 720 2920 Acherusia
737 2862 840 2934 templa
934 2879 960 2918 25

97 2951 155 2989 nec
171 2937 254 2990 tellus
271 2939 365 2994 obstat
382 2941 448 3010 quin
466 2942 557 2996 omniu
574 2942 764 3012 dispiciuntur,

77 3009 137 3060 sub
146 3011 278 3076 podibus
294 3033 493 3090 quaecumque
511 3020 588 3075 iniru
603 3035 655 3090 per
672 3016 757 3068 innixe
773 3017 917 3080 geruntur,

56 3075 112 3130 hie
123 3080 174 3134 ibi
186 3101 237 3141 rno
257 3093 350 3150 rebus
368 3097 520 3164 quaedam
539 3097 640 3153 uirtus
657 3091 793 3161 uulnpuus
