2040 3426
82 230 112 281 et
129 225 220 280 ridere
238 229 330 295 potest
347 241 402 278 non
420 241 454 277 ex
472 223 619 278 ridentibu'
636 224 726 278 frictus

82 307 112 357 ct
130 319 224 370 sapere
242 304 271 356 ct
289 302 379 354 doctis
395 300 530 354 rationem
548 300 666 353 reddere
684 301 750 356 diet'

82 395 136 431 non
154 395 188 432 ex
206 377 355 432 seminibus
372 375 543 445 sapientibus
560 379 644 443 atque
662 377 780 446 disertis,

82 455 129 524 qui
147 455 236 508 minus
254 470 314 508 esse
332 456 435 522 queant
453 469 486 506 ea
504 469 574 521 quae
593 453 695 506 sentire
713 454 838 507 videmus

82 530 230 585 seminibus
247 528 384 597 permixta
400 527 558 583 carentibus
575 528 698 596 undique
716 530 812 583 sensui
896 545 933 584 ooo

118 606 243 673 Denique
261 604 373 659 caelesti
390 620 484 658 sumus
502 621 596 658 omnes
614 604 717 658 semine
735 604 858 670 oriundi;

82 679 208 735 omnibus
225 680 272 734 ille
288 679 364 734 idem
380 682 462 748 pater
479 682 531 747 est,
547 680 621 734 unde
639 679 712 734 alma
728 679 858 746 liquentis

81 756 185 809 umoris
201 758 295 823 guttas
312 757 402 814 mater
419 771 481 808 cum
498 757 574 809 terra
590 757 703 824 recepit,

25 823 28 832 ’
80 835 138 888 feta
154 831 228 899 parit
244 830 458 899 nitidasfruges
475 830 642 900 arbustaque
658 831 732 887 laeta

80 910 110 961 et
127 923 213 975 genus
231 906 387 976 humanum,
403 908 477 976 parit
493 907 586 962 omnia
602 906 692 962 saecla
708 908 838 976 ferarum,
897 923 934 962 aas

79 982 180 1052 pabula
196 999 258 1036 cnm
276 982 391 1051 praebet
408 983 505 1051 quibus
523 999 617 1038 omnes
634 1000 748 1053 corpora
765 987 881 1053 pascunt

80 1062 110 1113 et
128 1060 235 1114 dulcem
254 1059 358 1115 ducunt
375 1060 460 1114 vitam
477 1059 637 1129 prolemque
654 1064 823 1130 propagant3

81 1140 249 1205 quapropter
266 1135 368 1189 merite
382 1139 536 1189 maternum
552 1146 651 1189 nomen
668 1137 769 1206 adepta
787 1139 838 1190 cst

80 1212 154 1265 cedit
171 1213 239 1265 item
256 1215 339 1279 retro,
357 1211 396 1265 de
410 1213 486 1266 terra
503 1211 576 1278 quod
593 1211 646 1264 fuit
663 1216 736 1278 ante,

79 1287 108 1340 in
125 1292 221 1355 terras,
239 1290 269 1341 et
286 1286 360 1354 quod
376 1287 515 1340 missumst
532 1303 567 1339 cx
584 1287 703 1340 aetheris
720 1289 784 1356 eris,
882 1304 936 1355 ⁴rooo

80 1363 110 1415 id
127 1379 235 1416 rursum
252 1362 319 1417 caeli
336 1361 463 1416 rellatum
480 1361 584 1430 templa
599 1366 751 1430 receptant.

80 1455 132 1492 nec
149 1439 188 1492 sic
204 1437 346 1493 interemit
362 1453 435 1491 mors
452 1453 496 1492 res
513 1440 546 1490 ut
563 1437 687 1492 materiai
718 1496 724 1504 q

80 1531 194 1583 corpora
211 1514 345 1580 conficiat,
362 1512 413 1568 sed
430 1517 537 1568 coettun
556 1511 680 1582 dissupat
696 1514 764 1569 ollis.

79 1591 145 1644 inde
162 1590 221 1645 aliis
238 1589 315 1647 aliud
331 1589 503 1658 coniungitur
520 1593 549 1644 et
567 1589 600 1643 fit
618 1593 650 1644 ut
667 1607 760 1646 omnes

80 1683 124 1725 res
141 1667 181 1720 ita
198 1669 358 1722 convertant
375 1666 476 1721 tonnas
493 1669 656 1735 mutentque
673 1667 776 1722 colores
887 1684 934 1723 roos

80 1744 110 1796 ct
127 1743 236 1812 capiant
253 1759 347 1796 sensus
365 1745 394 1796 ct
412 1746 514 1810 puncto
532 1745 656 1813 tempere
673 1744 799 1809 reddant,
861 1792 863 1794 ,

80 1821 112 1871 ut
129 1835 223 1872 noscas
240 1819 344 1872 referre
361 1818 456 1872 cadem
475 1818 626 1888 primordia
643 1835 733 1872 rerum

79 1911 140 1948 cum
159 1894 256 1962 quibus
273 1897 303 1948 et
320 1894 394 1962 quali
410 1894 534 1962 positura
551 1895 741 1947 contineantur

79 1973 108 2022 ct
125 1985 192 2038 quos
208 1970 281 2024 inter
298 1986 328 2022 se
346 1970 413 2022 dent
430 1972 520 2022 rnotus
537 1969 732 2038 accipiantque,

77 2062 146 2098 neve
162 2048 244 2114 putes
261 2049 373 2099 aeterna
389 2061 473 2113 penes
489 2044 612 2098 residere
629 2049 737 2112 potesse
888 2064 935 2101 roro

79 2137 195 2187 corpora
211 2121 300 2190 prima
317 2121 390 2186 qnod
407 2120 435 2172 in
454 2121 566 2173 summis
584 2120 691 2173 fluitare
708 2121 832 2176 ridemus

78 2196 160 2249 rebus
179 2198 208 2249 et
224 2197 363 2248 interdum
381 2196 455 2248 nasci
473 2195 616 2263 subitoque
633 2196 730 2264 perire.

79 2272 143 2339 quin
161 2271 244 2325 etiam
262 2271 348 2324 refert
364 2271 465 2324 nostris
483 2271 511 2323 in
529 2271 651 2324 versibus
668 2271 734 2340 ipsis

79 2364 141 2400 cum
160 2346 257 2415 quibus
275 2350 304 2401 ct
321 2346 394 2415 quali
411 2347 467 2400 sint
484 2347 578 2401 ordine
595 2364 718 2416 quaeque
735 2348 831 2403 locata.

79 2437 183 2475 nanque
194 2437 277 2470 usuum
291 2438 388 2470 caunum
399 2430 466 2471 nass
479 2438 571 2470 rueras
584 2439 695 2471 rnunrsa
710 2440 785 2472 souuu
888 2444 935 2483 1016

79 2499 232 2533 smmmcaur
245 2501 328 2532 aaran
342 2501 435 2534 rnueas
446 2501 554 2534 annuam
568 2500 702 2534 asinarum
720 2527 721 2531 ,

79 2565 102 2618 si
120 2580 173 2616 non
191 2562 280 2615 omnia
298 2571 368 2626 sinit,
387 2567 416 2616 at
434 2563 520 2616 multo
538 2563 655 2624 rrranima
673 2567 799 2632 pareest

79 2638 240 2701 consimilis;
258 2654 352 2692 verum
370 2639 493 2707 positura
510 2638 690 2706 discrepitant
708 2655 759 2693 res.

78 2717 117 2770 sic
134 2716 201 2784 ipsis
218 2715 246 2767 in
265 2713 347 2767 rebus
364 2714 431 2766 item
449 2713 503 2766 iam
520 2714 645 2768 materiai
822 2776 829 2785 ι

78 2808 232 2842 tentaveram
243 2806 300 2839 viss
312 2805 421 2839 CONEXUE
435 2805 546 2838 PONDERA
559 2807 667 2851 PLAGAES
888 2807 935 2847 1020

78 2884 224 2923 concursus
241 2870 331 2920 motus
349 2868 417 2920 ordo
434 2867 559 2936 positura
576 2867 680 2933 figurae

78 2961 139 2999 cum
157 2946 357 3013 permutantur,
374 2942 475 2997 mutari
493 2959 537 2996 res
555 2958 662 3011 quoque
680 2943 795 2998 debent.

113 3021 140 3074 N
142 3037 195 3074 uno
212 3022 330 3074 animmn
349 3019 427 3075 nobis
444 3018 668 3076 adhiberemus
681 3019 726 3072 ab
737 3017 899 3098 rats-osam

69 3113 133 3148 nam
152 3096 205 3151 tibi
222 3101 368 3156 vementer
385 3116 461 3156 nova
478 3115 528 3156 res
545 3098 669 3154 motitur
687 3093 735 3148 ab
748 3102 836 3143 sums

59 3170 197 3226 accedere
214 3178 246 3230 ct
265 3193 341 3234 nova
360 3197 392 3236 se
414 3179 532 3253 species
552 3174 725 3232 ostendere
742 3171 865 3218 rerum·
