2040 3426
500 109 548 167 VI
891 113 944 171 llil

93 227 146 268 uec
164 211 291 268 cohibere
309 213 386 268 nives
402 215 507 282 gelidas
525 219 554 268 et
571 215 711 282 grandinis
728 217 830 270 irnbris.

95 288 165 343 dant
182 289 267 344 etiam
286 291 404 344 sonitum
421 291 510 359 patuli
527 306 609 358 snper
627 307 746 360 aequora
763 294 865 362 mundi,

93 365 224 419 carbasus
240 369 273 419 ut
290 365 428 434 quondam
445 366 550 433 magnis
567 366 675 419 intenta
692 368 809 422 theatris

94 440 144 495 dut
162 441 298 510 crepiturn
316 442 400 495 malos
417 441 490 494 inter
507 443 610 495 iactata
627 442 780 510 trabesque,
911 462 947 500 110

92 515 234 571 interdurn
252 517 386 586 perscissa
403 517 471 570 furit
488 517 676 586 petulantibus
694 520 767 571 auris

94 595 124 646 et
140 592 245 660 fragilis
263 594 372 646 sonitus
389 593 546 646 chartarum
564 593 782 647 commeditatur.

93 667 122 720 id
139 685 247 736 quoque
264 669 336 721 enirn
354 686 440 736 genus
458 669 487 721 in
504 669 610 722 tonitru
626 685 789 736 cognoscere
807 673 903 740 possis,

92 747 141 796 aut
158 744 205 796 ubi
223 761 382 813 suspensam
400 748 504 798 restem
522 745 665 798 chartasve
683 746 800 800 volantis

92 819 251 873 verberibus
269 821 343 873 venti
361 824 472 874 versant
489 820 677 890 planguntque
695 838 745 890 per
762 838 849 876 auras.
910 840 945 878 115

91 895 124 947 fit
136 911 242 963 quoque
256 897 328 948 eninr
340 897 479 949 interdum
491 903 524 948 at
535 912 589 949 non
601 900 659 950 tam
672 913 834 952 concurrere
846 897 933 952 nubes

89 970 226 1024 frontibus
245 971 366 1025 :alversis
385 972 490 1040 possint
507 988 589 1040 quarn
598 971 642 1025 de
660 972 748 1027 latere
766 974 807 1028 iro

90 1046 199 1099 diverso
216 1053 293 1100 motu
310 1047 440 1101 radentes
457 1063 572 1117 corpora
584 1045 708 1115 tractim,

89 1121 184 1175 aridus
201 1124 276 1176 uude
293 1124 367 1176 auris
385 1127 477 1191 terget
496 1140 577 1177 sonus
594 1125 641 1180 ille
658 1124 762 1194 diuque

90 1198 207 1266 ducitur,
226 1200 352 1253 exierunt
369 1199 456 1252 donec
474 1198 631 1266 regionibus
648 1202 723 1255 artis.
909 1224 917 1245 τ
937 1227 943 1255 r

126 1275 187 1328 Hoc
204 1275 287 1329 etiam
305 1278 386 1344 pacto
403 1274 508 1328 tonitru
529 1290 658 1328 concussa
676 1276 806 1330 videntur

87 1350 180 1405 omnia
198 1367 280 1421 saepe
296 1351 373 1420 gravi
391 1352 559 1404 tremere'et
577 1349 681 1404 divolsa
698 1356 813 1419 repente
870 1367 876 1377 ·

88 1425 207 1480 maxima
225 1427 374 1480 dissiluisse
393 1425 500 1494 capacis
517 1426 624 1478 moenia
641 1426 743 1493 mundi,

88 1519 151 1555 eum
169 1502 261 1556 subito
279 1502 361 1556 validi
379 1503 454 1555 venti
472 1501 596 1555 conlecta
612 1501 731 1569 procella

88 1577 206 1632 nubibus
223 1578 335 1632 intorsit
352 1575 609 1646 seseconelusaque
626 1577 728 1631 ibidem
906 1596 942 1634 125

88 1653 202 1707 turbine
221 1653 341 1707 versanti
358 1654 444 1721 magis
461 1670 493 1708 ae
510 1655 598 1722 magis
614 1655 734 1724 undique
752 1655 852 1710 nubem

82 1728 163 1804 'cogit
180 1730 221 1783 uti
239 1730 290 1783 fiat
308 1730 394 1799 spisso
411 1747 477 1784 cava
495 1747 608 1799 corpore
626 1731 734 1800 circum,

87 1809 151 1875 post
169 1806 215 1859 ubi
233 1807 382 1861 conminuit
400 1807 440 1860 ris
458 1807 516 1861 eius
534 1811 563 1861 et
579 1807 698 1877 impetus
716 1826 785 1876 acer,

88 1885 149 1934 tum
166 1881 368 1951 perterricrepo
387 1883 477 1935 sonitu
496 1883 545 1935 dat
563 1884 647 1936 scissa
663 1883 806 1949 fragorem.

88 1973 138 2011 nec
156 1957 263 2024 mirum,
284 1974 346 2011 cum
364 1958 446 2026 plena
464 1957 570 2010 animae
587 1957 724 2011 vensicula
741 1975 826 2024 parva
905 1974 940 2012 1so

85 2048 171 2102 saepe
189 2033 238 2092 det
255 2032 324 2086 haut
341 2048 455 2100 parvum
473 2031 591 2084 sonitum
610 2031 864 2101 displosarepente.

119 2109 174 2163 Est
191 2108 275 2162 etiam
293 2107 372 2175 ratio,
390 2124 451 2160 curn
469 2106 543 2160 venti
561 2106 653 2160 nubila
670 2107 794 2174 perflant,

85 2187 119 2239 ut
136 2185 242 2238 sonitus
260 2184 367 2238 faciant.
388 2183 489 2236 eteninr
509 2198 615 2235 ramosa
632 2182 755 2235 ridemus

85 2259 180 2314 nubila
198 2277 279 2330 saepe
297 2260 385 2313 modis
403 2259 497 2312 multis
515 2261 598 2325 atque
616 2274 713 2326 aspera
730 2257 812 2319 forri;

86 2336 190 2390 scilicet
207 2340 247 2402 ut,
265 2336 388 2391 crebram
408 2336 502 2388 s³lvanr
519 2351 581 2387 cunr
599 2333 708 2386 flamina
725 2333 799 2386 cauri
904 2350 939 2388 135

86 2412 212 2481 perflant,
230 2412 298 2466 dant
316 2413 433 2466 sonitum
451 2410 562 2464 frondes
579 2409 701 2477 ramique
717 2410 859 2476 fragorem.

85 2490 118 2541 lit
136 2503 244 2554 quoque
261 2492 293 2542 ut
310 2488 450 2542 interdum
467 2487 550 2541 validi
568 2487 609 2540 vis
627 2486 711 2539 incita
728 2486 803 2540 venti

85 2562 245 2633 perscindat
263 2563 362 2617 nubenr
381 2564 552 2633 perfringens
571 2564 676 2632 impete
693 2565 776 2617 recto.

84 2655 148 2691 narn
165 2638 232 2705 quid
249 2640 336 2708 possit
354 2640 392 2693 ibi
410 2641 492 2693 flatus
509 2640 653 2693 manifesta
670 2637 752 2691 docet
769 2653 822 2704 rea
900 2671 903 2678 ·

84 2714 135 2779 hic,
153 2713 200 2767 ubi
217 2714 304 2768 lenior
322 2719 372 2781 est,
391 2716 419 2767 in
438 2718 513 2767 terra
530 2731 591 2768 cnm
609 2717 702 2766 tamen
719 2713 775 2767 alta
902 2726 938 2764 110

84 2789 197 2844 arbusta
214 2790 340 2844 evolvens
358 2790 496 2843 radicibus
513 2790 606 2843 haurit
624 2788 659 2841 ab
677 2789 747 2842 imis.

84 2869 149 2920 sunt
167 2866 249 2919 etiarn
267 2865 367 2919 fluctus
384 2883 435 2934 per
451 2865 551 2932 nubila,
570 2865 616 2932 qui
634 2864 711 2931 quasi
728 2879 851 2916 murmur

84 2941 153 2995 dant
170 2942 198 2995 in
216 2941 367 3009 frangendo
385 2942 519 3008 grauiter3
537 2941 610 3009 quod
627 2940 694 2993 item
712 2940 746 2994 fit
762 2939 790 2991 in
808 2937 872 2992 altis

83 3017 240 3072 fluminibus
257 3035 411 3085 magnoque
430 3017 505 3082 inari,
524 3033 586 3070 cunr
604 3015 740 3083 frangitur
758 3017 861 3069 aestus.

83 3095 117 3148 fit
134 3111 246 3161 quoque,
260 3094 305 3149 ubi
318 3111 335 3148 c
350 3095 418 3150 nubi
435 3094 464 3148 111
483 3093 588 3149 nubent
604 3093 649 3147 uls
662 3093 770 3147 'ineius
784 3088 896 3141 albens
925 3097 967 3129 111»

58 3168 201 3280 Ifffiulnn'nis,
222 3169 291 3226 llaec
309 3174 401 3231 rnulto
421 3174 444 3230 si
462 3174 542 3234 forte
559 3188 665 3230 urnoro
680 3168 803 3238 recab*
