2040 3426
67 106 106 163 24
482 102 498 160 I

64 207 229 262 conficerent
247 205 325 274 volgo
344 204 432 271 silvas,
451 204 564 259 arbusta
581 210 742 262 cremarent.

62 284 154 337 iamne
171 283 248 336 vides
265 282 357 350 igitur,
375 281 456 350 paulo
475 281 550 350 quod
567 281 685 338 diximus
703 288 775 350 anto,

64 359 208 426 permagni
226 358 329 411 referre
346 357 443 412 eadem
460 357 610 427 primordia
626 376 709 429 saepo

64 451 125 488 cum
145 435 244 503 quibus
262 438 291 488 et
309 434 382 503 quali
400 435 523 504 positura
540 435 731 490 contineantur

63 514 92 564 ct
110 527 178 578 quos
196 510 269 563 inter
287 526 316 564 se
334 510 402 564 dent
419 515 510 564 motus
527 511 722 580 accipiantque,
880 529 917 566 aa

63 589 148 654 atquc
166 585 262 639 eadem
280 586 361 654 paulo
379 586 451 642 inter
468 601 498 640 se
515 590 621 641 mutata
638 603 732 641 creare

62 661 140 728 ignes
157 665 187 716 et
205 662 326 730 lignuml
345 678 398 730 quo
415 665 496 731 puoto
514 662 599 717 verba
616 679 725 732 qnoque
742 663 801 730 ipsa

62 736 135 792 inter
153 755 183 793 se
200 738 281 808 paulo
300 737 414 791 mutatis
432 741 495 793 sunt
513 739 662 807 elementis,

63 829 124 867 cum
142 813 216 882 ligna
233 818 316 883 atque
334 814 411 882 ignes
429 814 559 868 distincta
576 831 642 868 voce
659 818 792 869 notemus.

63 889 181 957 denique
199 891 251 942 ianr
271 908 457 959 quaecumque
475 891 502 943 in
520 891 602 944 rebus
620 891 707 944 cernis
724 890 828 958 apertis
878 903 920 958 919,

63 965 86 1017 91
105 965 164 1018 fieri
182 981 235 1017 non
253 981 333 1031 posse
350 971 439 1033 putas,
459 967 523 1034 quin
540 967 666 1020 materiai
929 971 932 977 '

63 1056 177 1108 corpora
194 1041 326 1094 consimili
345 1045 442 1094 natura
459 1041 585 1110 praedita
603 1042 696 1109 fragae,

63 1115 114 1168 hac
131 1116 237 1170 rationo
254 1117 305 1171 tibi
323 1122 441 1187 pereunt
458 1117 607 1186 primordia
624 1133 730 1172 rerum:

64 1191 113 1245 fiet
131 1192 172 1245 uti
191 1194 247 1246 risu
265 1193 383 1247 tremulo
401 1211 529 1248 concussa
547 1193 709 1252 cachinnent

63 1270 92 1322 ct
110 1266 229 1322 lacrimis
247 1270 325 1323 salsis
342 1273 483 1324 umectent
500 1287 548 1324 ora
565 1285 710 1338 genasque.
879 1283 916 1322 sao

98 1343 179 1399 Nunc
196 1362 247 1414 age
265 1345 340 1415 quod
358 1350 484 1415 superest
501 1363 632 1415 cognosce
651 1348 680 1399 et
698 1343 796 1398 clarius
813 1343 884 1397 audi.

63 1436 113 1473 nee
130 1437 175 1474 me
193 1421 275 1475 animi
293 1422 364 1475 fallit
382 1439 464 1490 quam
482 1422 537 1476 sint
555 1421 683 1486 obscura;
701 1419 751 1473 sed
768 1419 824 1472 acri
899 1458 905 1469 .

64 1497 198 1562 percussit
216 1498 310 1566 thyrso
328 1498 415 1551 laudis
434 1515 496 1567 spos
513 1514 611 1566 magna
628 1513 719 1551 meum
737 1511 784 1547 cor

63 1575 92 1624 ct
111 1573 190 1625 simul
207 1574 321 1628 incussit
338 1591 448 1628 suavem
467 1573 505 1626 mi
521 1574 549 1625 in
567 1575 663 1641 pectus
680 1577 800 1624 aurorem

64 1663 209 1713 musarum,
228 1666 281 1716 quo
300 1666 371 1702 nnnc
388 1649 533 1702 instinctus
550 1651 643 1701 mente
659 1645 763 1714 vigenti
878 1661 915 1699 995

45 1749 48 1756 »
63 1722 123 1774 avia
142 1722 282 1776 Pieridum
302 1741 418 1792 peragro
435 1724 495 1779 loca
511 1723 612 1777 nullius
629 1726 694 1777 ante

64 1798 132 1851 trita
150 1799 214 1852 solo.
233 1799 309 1854 iurat
327 1801 448 1868 integros
466 1800 596 1854 accedere
613 1799 696 1852 fontis

64 1877 147 1941 atque
164 1874 281 1943 haurire,
299 1871 427 1947 iuratum
444 1893 528 1930 novos
546 1875 694 1944 decerpere
712 1875 792 1928 florcs

64 1949 252 2020 insignemque
269 1968 330 2004 mco
348 1953 431 2021 capiti
449 1956 544 2022 petere
561 1951 625 2005 inde
643 1967 768 2004 coronam

63 2025 136 2080 unde
154 2027 229 2095 prius
247 2028 314 2080 nulli
332 2029 448 2081 velarint
466 2032 590 2096 tempora
607 2042 715 2091 musae3
879 2039 915 2077 939

63 2102 179 2168 primunr
198 2104 273 2172 quod
290 2104 395 2171 magnis
413 2104 498 2158 doceo
516 2105 551 2158 dc
569 2102 651 2158 rebus
669 2106 698 2156 ct
715 2102 783 2156 artis

65 2176 225 2244 religionum
243 2180 362 2233 animuin
380 2179 460 2234 nodis
478 2174 619 2234 exsolvere
637 2195 729 2247 pergo,

64 2253 164 2314 deindo
183 2256 257 2324 quod
274 2256 389 2310 obscura
407 2256 443 2311 do
460 2274 491 2310 re
508 2260 565 2311 tarn
583 2255 673 2309 lucida
691 2270 780 2323 pango

64 2330 189 2393 carmina
207 2347 316 2384 musaeo
334 2334 495 2400 contingens
513 2336 610 2385 cuncta
627 2332 727 2399 lepore.

64 2403 93 2455 id
112 2420 221 2471 quoque
239 2407 311 2457 enirn
329 2423 383 2459 non
401 2408 437 2460 ab
454 2408 530 2459 nulla
546 2408 652 2459 ratione
670 2406 793 2470 videtur;
878 2419 915 2457 935
1000 2424 1009 2439 ·

64 2479 114 2532 sed
132 2478 216 2531 veluti
235 2481 326 2547 pueris
344 2480 481 2534 absinthia
498 2484 588 2534 taetra
606 2480 748 2533 medentes
784 2494 787 2498 ’

64 2571 125 2607 curn
144 2554 210 2606 dare
227 2558 366 2618 conantur,
385 2555 462 2623 prins
479 2572 540 2609 oras
558 2553 655 2624 poeula
671 2554 771 2607 circum

65 2630 224 2698 contingunt
242 2630 331 2684 mellis
350 2631 423 2686 dulci
441 2633 564 2701 flavoque
583 2632 695 2700 liquore,

64 2708 95 2758 ut
112 2724 259 2775 puerorum
277 2712 354 2763 actas
372 2709 514 2778 inprovida
531 2708 688 2762 ludificetur

64 2780 201 2837 labrorum
220 2790 308 2854 tonus,
327 2787 433 2840 interea
450 2788 578 2854 perpotet
595 2783 717 2838 amarum
878 2797 915 2835 oro

64 2857 182 2914 absinthi
199 2863 309 2918 laticem
327 2864 497 2932 deceptaque
515 2880 568 2917 non
587 2861 717 2930 capiatur,
884 2862 887 2868 '

65 2933 115 2988 sed
132 2938 224 3005 potius
241 2941 290 2993 tali
308 2943 388 3009 pacto
406 2943 530 2994 recreata
547 2940 672 3003 valescat,

60 3010 103 3092 sic
120 3029 172 3078 ego
186 3031 266 3081 nune,
287 3017 413 3083 qnoniam
431 3017 500 3073 hacc
519 3019 589 3073 ratio
606 3015 769 3087 plerumque
786 3011 898 3064 ridetur

40 3082 153 3134 trastrbr
167 3105 232 3140 esse
249 3092 354 3158 qrribus
369 3113 428 3151 non
447 3101 493 3153 est
512 3099 643 3166 ramme,
661 3095 797 3160 retroque

21 3150 122 3213 VOlfflzs
136 3160 278 3219 ‹abliorret
297 3171 339 3224 ab
355 3172 420 3244 dac,
443 3177 522 3234 nolui
540 3177 597 3235 tibi
616 3167 829 3243 sraavllsquenti
901 3174 944 3210 ms
