2040 3426
90 113 139 170 oe
491 112 563 170 ΠΠ

99 213 164 266 inde
182 218 281 280 terren,
299 213 423 280 quamvis
441 215 515 266 torte
533 213 697 281 penitusque
715 215 830 281 remoto,
917 227 954 268 sos

54 308 87 340 no
100 289 190 342 omnia
207 305 258 358 per
275 288 359 341 flexos
377 288 469 343 aditus
487 288 588 342 educta
604 288 698 342 licebit

99 365 223 432 pluribus
241 364 308 418 haec
325 365 444 432 speculis
461 364 608 418 videantur
625 365 654 417 in
672 363 786 418 aedibus
804 381 871 419 esse.

99 456 185 506 nsque
203 439 272 494 adeo
291 440 401 510 speculo
419 440 447 493 in
465 440 605 508 speerdum
624 439 776 494 translucet
793 441 892 509 imago,

97 520 128 569 et
146 532 207 569 cum
224 515 301 570 laeva
319 515 385 570 dato
403 520 454 581 est,
473 516 506 570 fit
524 533 617 569 rusum
634 519 667 570 ut
685 516 800 570 dextera
818 517 875 585 liat,

97 591 161 646 inde
179 594 255 645 retro
272 608 380 644 mrsum
398 590 472 645 redit
490 594 518 645 et
537 592 707 646 convertitur
724 591 828 646 eodem.
915 609 954 649 sro

53 689 85 720 ss
98 669 162 736 quin
181 668 263 722 etiam
282 683 470 735 quaecumque
488 666 623 721 latuscula
641 670 705 720 sunt
723 668 896 736 speculorum

97 744 215 797 adsimili
232 743 328 797 lateris
346 743 450 796 flexura
468 743 594 812 praedita
612 743 707 809 nostri,

97 820 213 873 dextera
230 836 263 873 ca
281 822 395 888 propter
413 817 490 870 nobis
508 817 652 871 simulacra
669 819 822 886 remittunt,

96 899 145 948 aut
162 895 226 963 quia
243 894 279 948 de
297 895 408 963 speculo
426 894 454 945 in
473 893 613 962 speculum
632 895 798 947 transfertur
815 895 914 964 imago,

97 970 160 1024 inde
178 971 215 1023 ad
232 987 281 1023 nos
299 971 365 1023 elisa
383 969 425 1022 bis
443 969 561 1035 advolat,
580 972 628 1023 aut
646 969 729 1023 etiam
748 969 823 1038 quod
913 988 951 1026 315

52 1068 85 1099 ³⁴0
97 1047 199 1099 circum
217 1046 317 1112 agitur,
336 1061 397 1097 cunr
417 1045 500 1111 venit,
518 1045 607 1112 imago
625 1049 774 1114 propterca
791 1045 867 1115 quod

97 1121 168 1174 tlcxa
186 1121 273 1188 figura
291 1120 373 1173 docet
391 1120 496 1189 speculi
514 1121 668 1174 convertier
685 1120 722 1174 ad
739 1138 796 1175 nos.

96 1196 242 1264 indugredi
260 1211 342 1264 porro
360 1196 465 1264 pariter
483 1196 627 1250 simulacra
644 1195 799 1265 pedemque

96 1288 198 1340 ponere
216 1270 356 1324 nobiscum
374 1271 470 1325 credas
487 1276 651 1339 gestumque
668 1272 770 1326 imitari

96 1352 243 1418 propterea
260 1348 330 1416 quia,
349 1347 384 1402 de
403 1348 505 1417 speculi
523 1365 577 1416 qua
594 1351 674 1418 parte
692 1347 813 1415 recedas,

52 1448 83 1480 se
97 1425 224 1478 continuo
243 1427 384 1492 nequeunt
401 1424 475 1478 illinc
493 1424 637 1478 simulacra
654 1424 756 1478 reverti
765 1445 771 1490 ;

96 1501 185 1554 omnio
203 1500 424 1568 quandoquidem
443 1500 517 1567 cogit
535 1504 634 1554 natura
652 1500 749 1553 referri

97 1592 129 1630 ac
146 1577 251 1628 resilire
270 1575 304 1627 ab
323 1575 404 1628 rebus
423 1575 458 1628 ad
476 1592 578 1643 aequos
596 1575 818 1637 redditaflexus.

51 1678 83 1710 aa
132 1649 282 1720 Splendida
295 1666 381 1718 porro
400 1651 470 1705 oculi
488 1652 609 1719 fugitant
626 1652 768 1718 vitantque
786 1652 866 1706 tueri.

96 1727 136 1780 sel
155 1727 238 1780 etiam
256 1728 358 1792 caecat,
376 1729 471 1780 contra
489 1727 511 1780 si
529 1727 645 1780 tendere
663 1743 770 1796 pergas,

96 1807 242 1872 propterea
259 1801 324 1870 quia
341 1802 381 1854 vis
399 1807 523 1869 magnast
541 1803 628 1872 ipsius
645 1805 674 1856 et
692 1802 748 1856 alte

95 1895 161 1933 aera
178 1888 345 1949 per'purum
363 1878 484 1945 graviter
502 1879 645 1932 simulacra
661 1879 787 1932 feruntur

96 1963 126 2010 et
144 1956 246 2009 feriunt
264 1953 355 2008 oculos
374 1955 515 2018 turbantia
532 1955 737 2023 composituros.

95 2035 241 2101 praeterea
259 2031 386 2098 splendor
405 2031 569 2099 quicumque
587 2034 631 2084 est
649 2047 712 2084 acer
729 2031 822 2085 adurit

50 2135 81 2165 ns
96 2125 177 2178 saepe
196 2106 287 2161 oculos
304 2107 367 2160 ideo
385 2107 458 2176 quod
478 2108 580 2160 semina
597 2106 722 2175 possidet
740 2106 810 2174 ignis

96 2186 189 2253 multa,
207 2183 328 2237 dolerem
347 2184 432 2237 oculis
450 2200 520 2251 quae
537 2184 654 2250 gignunt
671 2182 842 2235 insinuando.

94 2261 183 2314 lurida
200 2263 344 2329 practerea
362 2260 432 2313 fiunt
450 2275 637 2327 (luaeemnque
656 2261 769 2312 tuentur

94 2337 211 2403 arqmti,
229 2335 293 2404 quia
311 2334 409 2388 luroris
427 2335 462 2388 de
481 2352 595 2404 corpore
614 2352 708 2388 eorum

95 2411 199 2464 semina
217 2412 304 2464 multa
321 2411 409 2464 fluunt
428 2412 578 2464 simulacris
598 2411 677 2463 obvia
695 2428 794 2476 rerum,

49 2485 235 2552 ³101nultaque
253 2488 316 2537 sunt
334 2485 418 2539 cerdis
436 2486 463 2539 in
482 2504 575 2539 corum
596 2486 712 2553 denique
730 2487 824 2555 mixta,

94 2578 164 2629 (luae
182 2564 297 2628 contage
315 2577 364 2614 sua
382 2562 529 2630 palloribus
548 2562 639 2615 omnia
657 2563 781 2630 pingunt.

89 2654 109 2698 ¹e
128 2636 247 2691 tenebris
265 2641 357 2690 autem
375 2654 445 2704 quae
463 2638 572 2693 suntin
591 2637 650 2690 luce
669 2641 779 2690 tuemur

92 2718 240 2784 propterea
258 2713 329 2783 quia,
348 2730 410 2766 cum
428 2715 539 2783 propior
557 2714 679 2784 caliginis
697 2730 745 2766 aer

93 2795 155 2844 ater
172 2791 222 2845 init
239 2791 331 2845 oeulos
349 2789 424 2859 prior
442 2796 471 2844 et
489 2793 612 2860 possedit
629 2794 747 2861 apertos,

50 2882 81 2912 ns
94 2866 246 2933 insequitur
264 2866 383 2921 candens
402 2869 543 2922 confestim
562 2870 669 2923 lucidus
687 2885 734 2922 aer
906 2879 948 2920 oto

94 2941 139 3006 qui
159 2942 236 3008 quasi
253 2947 354 3011 purgat
372 2961 417 2997 eos
435 2961 466 2998 ac
485 2945 578 3011 nigras
596 2945 710 2998 discutit
728 2942 840 2997 umbras

82 3015 159 3064 aeris
173 3015 257 3072 illlus.
274 3034 340 3072 nam
358 3019 453 3075 multis
472 3020 597 3091 partibus
615 3021 659 3073 nic
677 3024 721 3073 est

63 3083 201 3171 mobilior
216 3092 376 3164 multisque
396 3099 533 3153 minutior
552 3101 585 3153 et
599 3112 683 3164 mage
697 3095 816 3163 pollens.

47 3163 212 3216 q111s1mu1
230 3170 328 3235 atque
346 3174 412 3230 vias
430 3176 587 3231 oculemm
602 3175 670 3228 luce
685 3170 811 3238 repleuit
