2040 3426
501 121 517 179 I
918 126 935 182 3

83 239 166 292 quem
183 240 272 294 neque
289 224 362 279 fama
379 224 462 280 deum
479 241 529 279 nee
546 226 659 280 fulmina
676 238 727 282 nec
744 228 882 282 minitanti

83 317 222 356 murmure
239 304 401 371 compressit
418 304 531 373 eaelum,
549 304 598 357 sed
615 322 648 359 eo
665 306 754 375 magis
770 322 861 361 acrem

82 377 179 432 inritat
195 378 278 432 animi
295 379 435 447 virtutem,
453 379 598 447 effringere
615 383 648 434 ut
664 384 727 437 arta
910 396 935 434 ao

82 456 196 508 naturae
213 456 319 522 primus
335 455 614 522 portarum'claustra
631 457 744 525 cupiret.

82 545 148 597 ergo
166 530 258 584 vivida
274 530 315 584 vis
333 530 417 582 animi
434 531 555 599 pervicit,
573 534 603 584 et
621 535 700 585 extra

81 606 216 673 prooessit
233 606 314 673 longe
330 605 498 660 flammantia
514 607 621 660 moenia
637 607 732 660 mundi

81 685 166 750 atque
183 699 263 736 omne
280 683 443 736 immensum
461 683 619 757 peragravit
636 688 728 758 mente
746 683 898 754 animoque,

80 758 156 812 unde
173 759 260 813 refert
276 759 355 813 nobis
372 758 459 813 victor
476 759 544 829 quid
560 759 647 828 possit
664 755 737 828 oriri,
910 773 934 814 75

82 833 150 901 quid
166 839 294 902 nequeat,
312 834 389 890 finita
472 839 529 890 stas
548 835 678 904 denique
685 836 784 905 cuique

81 925 199 978 quanam
217 910 254 964 sit
270 910 377 964 ratione
394 927 411 964 a
463 927 479 964 e
497 911 553 966 alte
571 912 704 966 terminus
721 911 844 966 haerens.

82 1002 167 1054 quare
184 985 280 1055 religio
298 985 415 1055 pedibus
433 987 556 1041 subiecta
572 986 690 1041 vicissim

81 1063 224 1129 opteritur,
243 1079 292 1115 nos
310 1065 447 1130 exaequat
463 1062 578 1117 victoria
595 1063 677 1118 caelo.

117 1137 191 1190 Illud
208 1137 236 1191 iu
254 1137 297 1191 his
314 1137 398 1191 rebus
414 1143 518 1210 vereor,
535 1154 571 1191 ne
587 1138 659 1192 forte
676 1139 763 1193 rearis
910 1153 934 1191 so

80 1211 155 1280 inpia
171 1216 201 1268 te
218 1213 332 1266 rationis
348 1213 419 1266 inire
436 1213 572 1267 elementa
588 1214 713 1282 viamque

80 1288 226 1355 indugredi
244 1287 361 1341 sceleris.
378 1288 454 1355 quod
471 1291 567 1341 contra
585 1289 692 1355 saepius
709 1289 756 1342 illa
781 1299 783 1302 ’

81 1365 177 1432 religio
193 1363 303 1434 peperit
320 1363 454 1416 scelerosa
471 1366 554 1430 atque
571 1363 655 1432 impia
670 1364 749 1417 faeta.

82 1439 185 1494 Aulide
203 1456 257 1508 quo
274 1441 355 1508 pacto
373 1439 474 1492 Triviai
491 1439 603 1508 virginis
621 1456 696 1493 aram

82 1515 252 1584 Iphianassai
269 1517 417 1583 turparunt
434 1514 566 1582 sanguiue
583 1514 664 1569 foede

81 1591 210 1647 ductores
222 1593 347 1647 Danaum
365 1591 472 1659 delecti,
490 1591 579 1660 prima
596 1591 723 1646 virorum.

81 1669 124 1722 cui
141 1668 221 1722 simul
237 1668 322 1723 infula
338 1667 474 1736 virgineos
492 1667 660 1723 circumdata
676 1673 800 1738 comptus

81 1761 116 1798 ex
133 1748 250 1814 utraque
267 1743 327 1813 pari
344 1744 476 1797 malarum
494 1747 573 1812 parte
590 1745 736 1813 profusast,

37 1875 42 1885 ,
81 1823 110 1874 et
129 1825 264 1875 maestum
283 1820 446 1874 simulante
464 1836 525 1873 aras
543 1819 655 1874 adstare
671 1823 816 1890 parentem

81 1897 167 1950 sensit
185 1900 215 1951 et
231 1897 302 1950 hunc
319 1899 434 1965 proptor
451 1896 554 1948 ferrum
573 1896 661 1950 celare
679 1896 819 1951 ministros
909 1914 933 1950 ao

81 1975 249 2040 aspectuque
266 1988 315 2026 suo
333 1971 457 2024 lacrimas
474 1970 615 2025 effirndere
632 1972 707 2040 civis,

81 2050 158 2101 muta
175 2051 251 2102 metu
268 2051 371 2101 terram
389 2045 504 2113 genibus
521 2047 664 2100 summissa
680 2047 803 2114 petebat.

80 2139 130 2176 nec
148 2124 263 2176 miserae
280 2121 409 2189 prodesse
426 2121 454 2173 in
472 2121 521 2174 tali
539 2123 664 2190 tempore
682 2122 778 2191 quibat

80 2198 157 2268 quod
173 2199 265 2267 patrio
282 2197 407 2265 princeps
426 2196 542 2250 donarat
558 2198 666 2250 nomine
684 2214 785 2264 regem.

80 2290 144 2327 narn
157 2272 265 2326 sublata
276 2271 364 2325 virum
376 2271 501 2324 uranibus
511 2270 744 2340 tremibundaque
755 2273 792 2327 ad
803 2289 865 2328 aras
907 2288 931 2327 es

82 2349 236 2415 deductast,
253 2363 308 2400 non
325 2351 357 2400 ut
375 2346 498 2400 sollemni
515 2363 592 2401 more
610 2363 748 2402 sacrorum

80 2425 202 2495 perfecto
219 2427 311 2494 posset
329 2424 403 2478 claro
420 2423 543 2478 comitari
561 2424 727 2494 Hymenaeo,

81 2502 131 2556 sed
148 2506 224 2555 easta
240 2499 344 2554 inceste
361 2499 482 2554 nubendi
500 2503 624 2570 tempore
640 2501 669 2554 in
686 2501 746 2570 ipso

80 2578 170 2632 hostia
187 2575 342 2632 concideret
359 2579 482 2631 mactatu
498 2581 603 2632 maesta
620 2583 717 2647 parent
718 2579 749 2645 is,

80 2655 125 2708 exi
125 2658 172 2709 tus
125 2655 219 2708 tut
236 2653 315 2707 classi
332 2653 398 2706 felix
414 2654 574 2723 faustusque
592 2653 672 2708 daret
660 2659 713 2708 tim
895 2670 931 2708 roo

81 2734 188 2784 tantum
205 2729 300 2797 religio
317 2730 407 2796 potuit
425 2729 541 2783 suadere
558 2730 699 2784 malorum.

116 2807 244 2860 Tutemet
261 2821 278 2858 a
294 2804 398 2858 nobis
390 2820 444 2857 ram
463 2805 557 2872 quovis
574 2808 698 2873 tompore
716 2809 809 2860 vatum

81 2863 238 2950 tffiilffi'iii
255 2881 345 2935 victus
361 2879 444 2934 dictis
461 2881 611 2935 desciscere
628 2896 751 2948 quaeres.

81 2959 183 3028 quippe
200 2959 302 3013 etenim
319 2973 401 3026 quam
418 2956 507 3010 multa
522 2955 578 3010 tibi
590 2956 652 3010 iam
665 2956 782 3023 iungere
794 2954 925 3020 possunt

78 3034 181 3088 somm’a
198 3050 270 3103 quae
288 3034 361 3089 ritae
379 3035 506 3090 rationes
522 3037 641 3090 uertere
656 3032 778 3102 nassum

66 3109 124 3162 fort
112 3112 248 3179 turresque
267 3113 332 3166 tuas
352 3115 449 3171 omnis
465 3113 596 3172 turbare
613 3111 747 3168 timeret

57 3185 89 3234 et
104 3184 216 3239 merito
236 3203 303 3243 uam
325 3192 352 3246 si
372 3198 491 3251 certam
512 3194 613 3250 finem
632 3205 706 3247 esse
722 3172 880 3238 uideres

940 3023 989 3060 W.»
