2040 3426
76 125 133 184 188
482 120 533 179 VI

70 225 233 292 sudorisque
250 224 365 280 madens
381 241 433 293 per
449 224 548 280 collum
566 224 725 296 splendidus
741 243 832 298 umor,

70 302 162 357 tenvia
179 303 262 370 sputa
278 301 393 370 minuta,
410 301 484 356 croci
501 304 627 357 contacta
643 303 735 358 colore

70 380 203 448 salsaque,
221 394 272 446 per
287 378 380 432 fauces
397 395 493 432 raucas
511 378 557 432 vix
575 378 652 434 edita
668 379 745 434 tussi

70 458 100 510 in
117 456 241 510 manibus
259 472 324 510 vero
337 457 418 509 'nervi
436 457 547 511 trahere
564 462 594 513 et
611 462 732 514 tremere
750 462 828 512 artus
884 473 929 514 uso

70 551 87 587 a
103 533 275 603 pedibusque
292 532 450 587 minutatim
468 535 615 590 succedere
632 535 718 604 frigus

71 625 125 663 non
144 608 296 663 dubitabat.
314 609 381 663 item
397 608 435 662 ad
452 626 611 679 supremum
628 611 747 682 denique
764 615 877 683 tempus

71 702 234 754 conpressae
252 702 340 753 nares,
357 686 417 739 nasi
434 687 562 756 primoris
579 704 693 743 muman

72 767 161 831 tenve,
179 763 267 816 cavati
284 762 361 828 oculi,
378 779 445 817 cava
461 766 592 832 tempora,
610 763 709 833 frigida
725 765 808 835 pellis

73 839 204 909 duraque,
213 839 242 891 in
254 854 301 892 ore
313 837 403 893 trucei
415 838 522 909 rictum,
532 840 609 895 frons
620 843 699 894 tenta
710 841 848 897 tumebat.
882 855 930 896 uss

71 933 123 972 nec
140 917 223 971 nimio
240 917 323 984 rigidi
339 919 403 987 post
420 919 497 970 artus
514 919 605 972 morte
621 916 753 971 iacebant.

72 995 223 1061 octavoque
239 994 298 1047 fere
316 993 444 1048 candenti
460 993 563 1046 lumine
580 993 645 1048 solis

73 1072 122 1123 aut
139 1069 223 1123 etiam
241 1086 312 1122 nona
328 1068 484 1123 reddebant
501 1068 628 1138 lampade
645 1070 738 1124 vitam.

73 1161 189 1213 quorum
207 1144 292 1213 siquis
308 1144 364 1197 ibei
381 1144 484 1199 vitarat
500 1145 597 1199 funera
612 1145 668 1211 leti,

73 1222 212 1276 ulceribus
228 1222 327 1275 taetris
344 1225 374 1276 et
391 1222 470 1291 nigra
487 1222 610 1293 proluvie
629 1225 682 1278 alvi
884 1239 932 1279 saue

73 1298 209 1369 posterius
226 1302 320 1353 tamen
337 1298 408 1354 hunc
425 1299 505 1353 tabes
522 1299 664 1367 letumque
681 1301 819 1369 manebat,

73 1379 122 1429 aut
139 1376 223 1430 etiam
240 1375 343 1430 multus
360 1375 458 1445 capitis
476 1392 538 1430 cum
556 1392 638 1446 saepe
655 1377 751 1431 dolore

73 1456 219 1521 corruptus
237 1452 347 1520 sanguis
364 1452 480 1520 expletis
497 1451 611 1506 naribus
627 1452 701 1508 ibat:

73 1526 127 1582 huc
143 1528 258 1582 hominis
275 1531 351 1582 totae
369 1529 441 1582 vires
458 1544 610 1597 corpusque
627 1527 736 1584 fluebat.

73 1604 238 1674 profluvium
256 1620 338 1673 porro
356 1603 404 1671 qui
421 1604 506 1657 taetri
524 1604 663 1672 sanguinis
680 1600 744 1659 acre
885 1620 934 1660 laos

23 1707 26 1711 ·
74 1681 188 1747 exierat,
206 1683 299 1733 tamen
316 1679 345 1731 in
363 1695 461 1732 nervos
477 1678 540 1733 huic
557 1679 668 1734 morbus
685 1685 715 1735 ct
731 1684 810 1736 artus

74 1756 133 1810 ibat
151 1759 180 1809 et
197 1755 224 1808 in
243 1754 331 1824 partis
348 1754 476 1822 genitalis
493 1755 615 1824 corporis
631 1755 713 1824 ipsas.

75 1836 105 1887 ot
122 1831 245 1901 graviter
261 1830 364 1900 partim
381 1834 537 1885 metuentes
553 1831 649 1884 limina
665 1832 715 1886 leti

76 1908 204 1963 vivebant
221 1907 294 1962 ferro
311 1907 412 1977 priuati
428 1910 508 1978 parte
526 1908 605 1978 virili,

76 1989 106 2040 ct
122 1985 247 2039 manibus
265 1985 323 2039 siue
340 1984 462 2049 nonnulli
478 1985 652 2056 pedibusque
669 1987 820 2041 manebant
885 2001 935 2063 1219

75 2062 103 2115 in
121 2061 179 2116 vita
195 2065 342 2131 tamen,*et
356 2061 513 2130 *perdebant
530 2062 633 2117 lumina
650 2056 764 2132 partim:

76 2155 163 2207 usqne
180 2139 250 2193 adeo
267 2138 364 2193 mortis
380 2140 471 2192 metus
487 2138 530 2191 his
547 2140 698 2194 incesserat
714 2154 784 2192 acer.

76 2218 160 2283 atquc
178 2216 262 2269 etiam
281 2216 414 2283 quosdam
432 2231 535 2284 cepere
548 2216 647 2270 oblivia
665 2221 758 2270 rerum

79 2295 243 2359 cunctarum,
260 2308 349 2360 neque
367 2308 397 2345 sc
414 2295 527 2361 possent
544 2309 705 2360 cognoscere
722 2295 753 2345 ut
772 2291 832 2358 ipsi.

77 2367 861 2437 multaquchumicuminhumataiacerentcorporasupra
887 2385 936 2423 1215

76 2443 243 2513 corporibus,
260 2446 354 2496 tamen
371 2444 486 2497 alituum
504 2461 590 2512 genus
608 2449 691 2513 atque
708 2443 830 2496 serrarum

76 2525 124 2575 aut
142 2519 236 2587 procul
254 2518 405 2587 apsiliobat,
423 2523 455 2573 ut
472 2537 563 2574 acrem
581 2521 685 2574 exciret
702 2519 824 2586 odorem,

77 2599 133 2664 aut,
151 2595 199 2649 ubi
216 2597 349 2664 gustarat,
366 2595 514 2663 languebat
532 2601 619 2650 morto
637 2596 798 2665 propinqua.

77 2690 128 2727 nec
146 2677 238 2728 tamen
255 2671 365 2726 omnino
382 2675 488 2727 temere
506 2673 559 2727 illis
578 2673 678 2726 solibus
696 2671 751 2724 silla

77 2747 256 2818 comparebat
271 2749 336 2815 avis,
354 2765 404 2802 nec
422 2749 516 2803 tristia
533 2749 621 2802 saecla
638 2750 757 2802 ferarum
888 2764 938 2804 1220

78 2826 206 2880 excibant
224 2827 305 2880 silvis.
324 2825 490 2894 languebant
507 2825 637 2894 ploraque
655 2825 750 2878 morbo

78 2904 108 2954 et
125 2903 318 2957 moriebantur.
337 2920 398 2957 cum
416 2903 511 2971 primis
529 2901 585 2954 fida
603 2918 699 2954 canum
716 2901 758 2954 vis

74 2979 165 3030 strata
183 2979 232 3031 uiis
249 2980 367 3034 animam
385 2978 506 3049 ponebat
523 2978 552 3030 in
570 2977 695 3031 omnibus
713 2992 810 3046 uegrc;

58 3055 251 3123 extorquebat
268 3059 343 3115 enim
365 3060 455 3115 vitam
473 3058 516 3113 uis
533 3055 665 3110 morbida
678 3053 818 3107 membris

15 3135 96 3180 vnce
114 3131 193 3186 ratio
211 3138 329 3194 remedi
349 3138 516 3194 communis
536 3139 621 3191 certa
637 3131 760 3186 dabatur
766 3148 779 3190 1
907 3143 964 3180 iffi

55 3204 90 3240 ὥ*
110 3211 199 3277 quod
215 3213 260 3272 ali
280 3216 417 3275 dederat
437 3216 547 3276 vitalis
565 3211 646 3268 aeris
662 3218 753 3262 auras
