2040 3426
89 124 127 183 72
477 114 532 172 III

89 225 197 278 illorum
214 221 295 291 potis·
305 221 354 287 est,
372 218 409 272 ad
425 217 511 272 vitam
529 216 577 286 qui
593 217 753 270 revocantes

89 299 265 353 circumstant
281 294 400 348 lacrimis
416 296 542 420 rorantq
558 308 607 345 ora
622 307 767 360 genasque.

89 390 173 442 quare
191 372 311 425 animum
329 386 436 438 quoque
454 368 528 422 disso
538 367 566 420 ui
582 366 687 420 fateare
703 370 849 436 necessest,
902 383 940 425 sao

89 447 309 518 quandoquidem
327 447 474 514 penetrant
491 445 519 497 in
536 460 599 498 eum
617 444 743 512 contagia
758 443 855 499 morbi.

88 541 151 578 nam
169 524 247 577 dolor
264 539 296 576 ae
313 521 424 576 morbus
440 520 490 574 leti
507 519 654 574 fabricator
672 522 824 589 uterquest,

88 600 236 654 multorum
254 598 338 653 exitio
356 597 481 665 perdocti
499 596 574 666 quod
591 611 684 650 sumus
700 599 772 653 anta

87 692 117 723 ΕΤ
127 692 239 730 quomam
251 691 351 723 ΜΕΝΤΕΙΙ
363 689 454 722 sanam
466 689 555 722 GORI'US
566 689 599 721 11¹1·
610 689 713 722 Altum

88 760 117 792 ltu
130 759 235 791 eumuna
245 759 346 791 MENTEM
363 759 453 791 samam
470 757 560 791 CORPUS
575 757 647 789 mm
902 758 941 799 475

89 821 207 890 denique
224 837 280 887 cur,
297 819 434 872 homiuem
452 834 514 871 cunr
531 817 586 871 vini
603 818 644 871 ris
661 818 817 888 penetravit

89 897 159 950 acris
178 901 207 950 et
223 897 251 948 in
270 911 351 949 venas
370 893 495 947 discessit
513 892 618 946 diditus
634 893 724 962 ardor,

90 972 264 1039 consequitur
281 970 401 1037 gravitas
419 969 611 1037 membrorum,
628 969 844 1039 praepediuntrr

90 1063 170 1100 crura
186 1045 333 1112 vacillanti,
351 1043 483 1097 tardescit
499 1044 600 1111 lingua,
618 1044 713 1100 madet
729 1063 814 1114 mens,

89 1126 156 1176 naut
174 1121 250 1189 oculi,
269 1112 523 1186 clamor‘singutus
541 1120 629 1188 iurgia
646 1121 772 1189 gliscunt,
903 1137 942 1175 aso

91 1200 120 1252 ct
136 1198 191 1250 iam
208 1199 302 1251 cetera
319 1195 355 1249 de
372 1210 474 1264 genere
491 1194 544 1247 hoc
562 1212 749 1266 quaecumque
767 1201 907 1265 secuntur,

91 1291 139 1328 cur
156 1290 190 1326 ea
207 1274 278 1339 sunt,
296 1271 349 1325 nisi
367 1270 440 1340 quod
457 1286 567 1324 vemens
584 1271 712 1326 violentia
729 1274 782 1326 viui

91 1349 253 1404 conturbare
271 1348 389 1401 animam
406 1346 545 1400 consuevit
563 1362 677 1416 corpore
694 1349 723 1403 in
740 1349 815 1417 ipsol

91 1430 120 1478 at
137 1441 324 1494 quaecumque
342 1425 446 1494 queunt
465 1422 622 1476 conturbari
638 1425 720 1493 inque
737 1425 836 1493 pcdiri,

90 1501 249 1568 significant,
268 1500 348 1569 paulo
366 1499 389 1551 si
407 1498 502 1551 durior
519 1497 663 1553 insinuarit
904 1515 943 1554 aas

91 1593 178 1643 causa,
195 1577 254 1628 lore
271 1579 303 1628 ιιι
320 1577 435 1642 percant
452 1590 519 1627 aevo
537 1573 643 1642 privata
659 1575 759 1631 futuro.

92 1651 158 1719 quin
176 1651 260 1703 etiam
278 1648 369 1703 subito
387 1649 414 1702 vi
431 1648 520 1703 morbi
538 1666 620 1719 saepe
637 1654 747 1706 coaetus

91 1728 156 1778 ante
174 1723 266 1778 oculos
283 1723 380 1791 aliquis
398 1727 513 1791 nostros,
533 1730 566 1778 ιιι
583 1725 703 1780 fulminis
720 1727 784 1795 ictu,

91 1800 210 1853 concidit
227 1803 257 1853 et
275 1815 383 1866 spumas
401 1799 467 1867 agit,
486 1799 600 1867 ingemit
617 1805 646 1856 et
663 1803 759 1857 tremit
774 1803 859 1871 artus,

91 1876 198 1944 desipit,
217 1878 342 1930 extentat
360 1891 465 1943 nervos,
483 1878 635 1945 torquetur,
653 1878 763 1933 anhelat
905 1893 944 1933 eoo

90 1953 283 2018 inconstanter,
303 1954 332 2005 et
349 1951 377 2003 in
395 1950 522 2004 iactando
541 1951 663 2006 membra
680 1953 787 2022 fatigat.

91 2028 218 2081 nimirum
236 2029 299 2096 quia
316 2028 357 2081 ris
374 2026 462 2082 morbi
480 2027 614 2082 distracta
631 2046 681 2097 per
698 2034 774 2084 artus

91 2104 195 2172 turbat,
214 2121 297 2173 agens
316 2104 434 2158 animam
454 2109 570 2173 spumat,
591 2106 669 2173 quasi
687 2105 715 2159 in
733 2120 852 2173 aequore
869 2104 944 2158 salso

91 2184 235 2235 ventorum
253 2180 348 2234 validis
366 2179 522 2233 fervescunt
540 2179 644 2233 viribus
661 2182 758 2235 undae.

91 2257 252 2324 exprimitur
270 2272 351 2327 porro
370 2255 496 2323 gemitus,
516 2255 580 2323 quia
597 2256 719 2310 membra
737 2256 830 2310 dolore
907 2269 944 2309 aas

91 2332 256 2386 adliciuntur
274 2336 303 2385 et
321 2332 431 2385 omniuo
450 2332 524 2399 quod
542 2333 644 2385 semina
661 2333 734 2387 vocis

91 2407 229 2460 eiciuntur
247 2410 276 2459 ct
294 2423 341 2460 oro
359 2407 432 2459 foras
450 2406 603 2474 glomerata
620 2408 746 2461 feruntur

91 2498 145 2550 qua
164 2482 241 2549 quasi
259 2485 425 2535 consuerunt
443 2484 472 2536 et
491 2485 556 2536 sunt
574 2483 680 2537 munita
695 2483 756 2536 viai.

92 2556 254 2626 desipientia
270 2557 309 2622 fit,
327 2556 391 2625 quia
409 2557 449 2610 vis
468 2558 550 2610 animi
569 2562 652 2626 atquc
670 2558 769 2613 animai

92 2630 272 2688 conturbatur
290 2635 326 2699 et,
344 2635 376 2685 ut
395 2632 481 2700 docui,
500 2633 587 2687 divisa
604 2650 726 2688 seorsum
906 2645 944 2686 too

92 2710 253 2763 disiectatur
271 2708 368 2762 codem
386 2707 433 2761 illo
451 2709 584 2763 distracta
600 2726 710 2763 veneno.

90 2788 155 2840 inde
172 2785 220 2840 ubi
238 2786 291 2839 iam
310 2785 398 2839 morbi
415 2785 524 2839 reflexit
542 2802 623 2840 eausa
639 2787 767 2854 reditque

90 2863 119 2915 in
136 2863 257 2917 latebras
275 2880 337 2916 acer
355 2862 475 2931 corrupti
494 2861 614 2929 corporis
632 2879 717 2928 unior,

91 2941 151 2991 tum
170 2941 247 3006 quasi
265 2938 407 2992 vaccillans
424 2938 543 3006 primum
562 2938 701 3006 consurgit
720 2941 749 2991 ct
766 2933 852 2996 omnis

88 3013 222 3079 paulatim
239 3015 313 3068 redit
330 3015 359 3067 in
377 3030 472 3068 sensus
489 3014 661 3080 animamque
678 3015 808 3080 receptat.
907 3025 945 3066 ιιι

71 3086 149 3149 liaeo
161 3087 254 3154 igitur
270 3091 358 3145 tantis
377 3090 425 3146 ubi
443 3089 552 3145 morbis
569 3104 685 3158 corpore
699 3088 810 3159 inipso

56 3157 209 3216 metemur
224 3165 402 3237 miserisque
418 3166 516 3224 modis
536 3164 679 3221 distracta
690 3160 836 3221 laborent,
