2040 3426
401 92 404 100 ,
474 43 522 99 VI
868 45 924 102 175

69 145 144 202 unde
162 147 275 214 repente
293 149 384 215 quest.
394 145 477 201 tellus
495 161 625 201 concussa
641 148 744 202 moveri

69 239 174 295 perque
191 239 267 277 mare
285 239 317 276 ac
334 226 425 277 terras
442 221 555 291 rapidus
572 238 733 290 percurrere
750 223 839 296 turbo,

55 300 140 368 ignis
158 298 301 352 abundare
318 299 469 365 Aetnaeus
486 297 673 353 flammescere
691 299 803 353 caelum.

67 376 97 430 id
116 392 224 444 quoquc
242 373 314 427 enim
332 374 365 427 fit
382 376 412 427 et
429 372 575 428 ardescunt
592 374 722 428 caelestia
739 376 843 444 templa
888 391 926 428 oso

68 455 98 507 et
115 452 295 518 tempestates
312 449 420 519 pluviae
437 450 563 518 graviore
581 453 676 504 coortu

68 531 140 595 sunt,
158 527 209 580 ubi‘
222 526 295 581 forte
311 527 351 581 ita
369 543 399 581 se
416 526 571 581 tetulerunt
588 528 691 580 semina
708 543 847 596 aquarum.

68 605 111 660 ‘at
128 603 209 657 nimis
227 605 271 657 cst
287 603 382 671 ingens
399 603 507 657 incendi
526 601 656 656 turbidus
672 602 770 656 ardor?

68 680 173 734 scilicet
190 681 219 734 et
237 678 335 734 fluvius
353 679 442 747 quivis
459 682 502 734 cst
519 679 654 733 maximus
672 678 698 733 ei

68 756 188 825 quinon
205 759 270 810 ante
287 755 406 825 aliquem
423 755 555 809 maiorem
573 755 649 823 vidit,
668 759 698 810 et
712 754 810 823 ingens
887 770 925 810 ore

68 834 151 886 arbor
168 832 304 901 homoque
321 832 438 900 videtur,
456 835 485 885 et
503 833 592 885 omnia
609 831 646 885 de
662 847 763 900 genere
780 831 854 885 omni

68 908 187 962 maxime
204 925 273 977 quae
290 907 362 963 vidit
379 909 502 978 quisque,
520 909 588 963 hacc
606 908 730 976 ingentia
747 908 835 976 fingit,

68 1001 130 1038 cum
148 987 241 1039 temen
258 985 349 1039 omnia
366 1000 429 1039 cum
446 985 521 1039 caelo
539 988 668 1054 terreque
685 984 809 1054 marique

67 1060 106 1113 nil
123 1060 179 1116 sint
196 1061 233 1115 ad
250 1077 384 1116 summam
401 1061 516 1114 summai
533 1062 618 1116 totius
636 1078 752 1116 omnem.

104 1136 130 1189 N
131 1153 183 1190 unc
200 1139 295 1191 tamen
313 1136 360 1189 illa
377 1136 465 1190 modis
483 1136 583 1205 quibus
599 1138 712 1193 inritata
728 1141 844 1207 repento
887 1150 926 1190 oco

67 1212 177 1267 flamma
193 1212 268 1266 foras
285 1212 370 1266 vastis
388 1211 499 1265 Aetnae
516 1211 670 1266 fornacibus
687 1214 769 1280 efflet,

68 1289 219 1358 expediam.
241 1287 360 1356 primum
377 1286 463 1341 totius
481 1286 598 1340 subcava
615 1288 717 1342 montis

66 1368 110 1419 ost
127 1368 233 1432 natura,
250 1364 309 1419 fere
327 1363 432 1418 silicum
449 1362 561 1417 suffulta
578 1363 707 1417 cavernis.

68 1440 192 1494 omnibus
209 1442 254 1494 cst
270 1456 352 1510 porro
370 1439 398 1492 iu
416 1438 552 1508 speluncis
569 1441 667 1493 ventus
685 1442 715 1494 et
732 1455 785 1492 aer.

67 1522 165 1571 vontus
183 1516 255 1570 euim
272 1516 312 1584 fit,
330 1516 377 1570 ubi
395 1518 439 1570 ost
456 1515 587 1586 agitando
604 1515 726 1585 percitus
744 1533 798 1569 aer.
887 1531 925 1569 oss

67 1593 111 1646 hic
129 1592 175 1646 ubi
193 1591 328 1661 percaluit
345 1591 523 1661 calefecitque
540 1592 631 1646 omnia
647 1591 748 1647 circum

67 1687 134 1723 saxa
150 1670 250 1734 furens,
268 1681 322 1738 qua
339 1669 480 1738 contingit,
497 1671 663 1739 terramque,
682 1673 710 1723 ct
728 1670 763 1722 ub
782 1668 842 1722 ollis

67 1745 187 1800 excussit
204 1745 322 1800 calidum
340 1746 455 1800 flammis
472 1746 610 1801 velocibus
627 1745 726 1814 ignem,

66 1821 140 1875 tollit
158 1838 188 1875 se
204 1839 237 1877 ac
254 1824 338 1877 ruetis
355 1824 395 1877 ita
412 1822 535 1876 faucibus
552 1823 617 1876 eicit
635 1822 697 1875 alto.

66 1897 122 1951 scri
139 1898 233 1964 itaque
250 1899 377 1951 ardorem
393 1898 475 1964 longo
493 1897 628 1964 longeque
645 1896 765 1948 favillam
886 1910 925 1948 oso

67 1970 161 2027 differt
179 1977 209 2026 et
226 1989 318 2025 crassa
335 1971 421 2025 volvit
438 1970 553 2038 caligine
571 1970 675 2022 fumum

67 2049 246 2116 extruditque
263 2047 342 2100 simul
360 2045 483 2099 mirando
500 2043 623 2114 pondere
641 2061 720 2110 sarm
827 2036 842 2063 ⁶

67 2142 102 2179 nc
120 2124 230 2178 dubites
248 2123 313 2192 quin
330 2122 399 2176 hacc
415 2121 516 2175 animai
533 2120 645 2174 turbida
663 2119 700 2174 sit
718 2121 765 2174 vis

66 2202 210 2270 praeterea
227 2216 326 2267 magne
343 2216 378 2253 ex
395 2197 470 2267 parti
486 2197 562 2251 maro
579 2197 680 2252 montis
697 2197 734 2250 ad
751 2197 810 2250 eius

66 2276 173 2330 radices
189 2274 293 2343 frangit
310 2276 409 2329 fluctus
426 2276 587 2342 oestqmque
604 2273 736 2327 resorbet.
884 2289 922 2329 ooo

67 2369 102 2407 ex
119 2351 171 2404 hoc
188 2368 274 2420 usque
292 2351 361 2405 meri
379 2350 524 2420 speluncae
542 2350 644 2404 montis
662 2350 698 2402 ad
716 2349 785 2403 altas

67 2427 230 2499 perveniunt
248 2427 344 2483 subter
360 2428 459 2480 fauces.
478 2425 529 2481 hac
547 2426 589 2480 ire
606 2426 780 2480 fatendumst

66 2584 96 2635 ct
113 2585 259 2650 penetrare
276 2581 346 2634 mari
363 2581 473 2649 penitus
490 2596 536 2634 res
553 2580 626 2646 cogit
643 2583 739 2647 aperto

67 2659 151 2726 atque
169 2658 260 2711 efflare
278 2657 351 2709 foras
369 2655 487 2722 ideoque
504 2654 636 2708 extollere
653 2655 790 2708 flammam

67 2749 188 2802 saxaque
206 2732 359 2786 subiectare
376 2735 406 2784 et
423 2746 522 2783 aronae
539 2729 636 2783 tollere
654 2729 768 2783 nimbos.
882 2743 921 2786 roo

65 2809 95 2863 in
113 2825 218 2863 summo
237 2810 301 2862 sunt
318 2807 420 2862 uertice
439 2806 511 2858 enim
529 2808 657 2872 crateres,
675 2807 709 2858 ut
725 2805 778 2873 ipsi

66 2885 246 2952 nominitant;
262 2901 312 2938 nos
330 2883 405 2952 quod
422 2883 515 2935 fauces
532 2879 708 2949 perhibemus
726 2883 756 2935 et
773 2897 828 2936 ora.
912 2872 919 2888 '

102 2961 172 3016 Sunt
183 2961 289 3031 aliquot
301 2974 409 3029 quoque
422 2975 466 3012 res
478 2974 593 3028 quarum
605 2974 688 3012 unam
701 2957 794 3013 dicere
809 2973 921 3013 causam

66 3054 122 3091 non
139 3037 205 3092 satis
222 3041 272 3107 est,
290 3052 386 3092 verum
403 3034 500 3106 pluris,
514 3035 594 3091 unic
608 3051 670 3090 una
681 3037 787 3088 tamen
799 3032 862 3092 sur,

60 3127 159 3180 corpus
176 3116 208 3168 ut
226 3115 389 3171 exanimum
407 3114 513 3184 siquorl
530 3114 635 3186 quecui
649 3113 719 3179 iqse
731 3108 839 3158 'mm
926 3100 964 3136 W
