2040 3426
474 109 523 165 vi
855 109 921 172 Ι163
986 174 992 185 ,

69 229 106 270 ne
123 211 175 268 tibi
193 212 230 267 sit
247 209 320 266 frudi
337 210 411 280 quod
427 226 484 263 nos·
495 210 600 264 inferno
618 212 742 266 videmus

69 305 152 358 quam
164 288 219 342 sint
230 288 286 342 lata
298 287 385 354 magis
396 301 477 354 quam
491 301 598 338 sursum
607 290 734 341 extructa
742 285 810 356 quid
818 289 922 343 extent.

69 364 268 432 contemplator
285 362 366 430 enim,
383 377 445 415 oum
462 359 602 414 montibus
620 362 785 418 adsimulata

68 440 163 494 nubila
180 438 330 509 portabunt
348 437 423 492 venti
440 439 598 492 transversa
615 454 666 508 per
683 456 771 506 auras,
886 455 923 495 111

68 519 117 571 aut
134 516 182 569 ubi
200 532 250 585 per
268 530 379 582 magnos
397 515 499 569 montis
515 516 656 575 cumulata
672 515 779 570 videbis

68 592 180 662 insuper
199 608 258 646 esse
275 590 335 644 aliis
352 590 406 644 alia
423 593 507 659 atque
525 607 644 660 urguere
661 607 779 661 superne

66 668 102 721 in
114 667 233 722 statione
250 667 339 721 locata
357 666 472 735 sepultis
491 667 613 734 undique
629 669 726 722 ventis.

67 746 127 799 tum
145 743 249 813 poteris
266 736 382 812 magnas
397 742 483 797 moles
502 758 665 811 cognoscere
683 759 778 798 eorum

67 821 265 890 speluncasque
281 819 358 874 velut
375 819 448 874 saxis
465 820 641 889 pendentibu’
660 824 779 876 structas
887 835 923 875 ms

67 913 187 964 cornero,
205 895 365 965 quaerenti
383 912 444 949 cum
466 898 632 965 tempestate
650 901 743 951 coorta

67 971 238 1042 conplerunt,
256 987 355 1040 magno
372 971 550 1041 indignantur
567 989 707 1029 murmure
724 972 824 1028 clausi*

67 1047 187 1102 nubibus
203 1047 232 1100 in
250 1047 392 1116 caveisque
405 1048 530 1103 ferarum
549 1066 624 1103 more
642 1049 795 1116 minantur;

66 1141 140 1179 nunc
157 1124 219 1178 hinc
236 1139 308 1177 nunc
325 1123 398 1178 illinc
416 1124 544 1179 fremitus
561 1141 612 1194 per
629 1125 722 1179 nubila
739 1125 854 1180 mittunt

67 1203 285 1269 quaerentesque
303 1199 375 1252 viam
393 1199 495 1253 circum
512 1205 658 1255 versantur
675 1206 704 1256 et
721 1202 793 1270 ignis
886 1216 922 1255 mo

67 1276 171 1330 semina
188 1275 352 1330 convolvunt
369 1273 518 1328 anubibus
535 1279 619 1343 atque
636 1278 677 1330 ita
693 1280 795 1345 cogunt

67 1352 155 1406 multa
172 1350 410 1420 rotantque-cavis
427 1350 564 1405 flammam
581 1351 737 1405 fornacibus
753 1352 837 1420 intus,

68 1428 154 1483 donec
173 1426 279 1482 divolsa
296 1426 433 1481 fidserunt
449 1426 523 1481 nube
540 1428 652 1481 corusci.

104 1505 166 1559 Hac
183 1503 268 1559 etiam
285 1504 319 1557 fit
335 1503 377 1557 uti
395 1503 430 1557 de
446 1518 529 1558 causa
546 1502 654 1557 mobilis
669 1504 715 1558 ille
784 1549 790 1570 „

49 1580 224 1648 .devolct‚in
241 1582 346 1645 terram
363 1579 460 1649 liquidi
478 1579 552 1634 color
569 1596 668 1635 aureus
685 1580 764 1650 ignis,
887 1594 923 1634 aos

68 1658 172 1711 semina
190 1656 265 1724 quod
281 1654 369 1711 nubes
385 1656 459 1725 ipsas
477 1658 614 1726 permulta
631 1660 772 1713 necessust

67 1733 138 1800 ignis
155 1731 272 1798 habero;
291 1732 392 1787 etenim
408 1749 471 1787 cum
489 1737 554 1788 sunt
570 1750 666 1789 umore
684 1735 742 1790 sine
759 1733 824 1802 ullo,

68 1809 213 1869 flammeus
228 1811 271 1862 est
287 1807 448 1878 plerumque
465 1810 538 1864 colos
555 1813 585 1865 ot
603 1811 763 1878 splendidus
781 1810 850 1866 ollis.

68 1885 134 1953 quin
151 1883 235 1938 etiam
252 1883 317 1937 solis
335 1883 489 1938 delumine
507 1885 595 1938 multa
611 1888 750 1940 necessest

67 1961 217 2030 concipere,
234 1961 268 2013 ut
284 1958 384 2025 merito
401 1957 519 2013 rubeant
536 1960 669 2027 ignesque
685 1959 861 2028 profundant.
886 1975 923 2014 210

67 2034 148 2090 hasce
166 2035 250 2103 igitur
268 2048 330 2087 cum
347 2035 445 2087 ventus
465 2049 548 2100 agens
566 2035 702 2089 contrusit
719 2035 747 2088 in
763 2051 849 2091 unum

67 2110 286 2181 compressitque
303 2109 392 2164 locum
411 2125 516 2179 cogens,
536 2126 666 2178 expressa
683 2111 855 2181 profundunt

49 2189 50 2192 ’
69 2188 173 2240 semina
190 2203 260 2254 quae
277 2185 382 2242 iaciunt
399 2186 523 2241 flammae
541 2185 646 2254 fulgere
664 2186 775 2243 colores.

66 2262 149 2331 fulgit
167 2263 242 2331 item,
261 2280 323 2318 oum
341 2265 484 2317 rarescunt
502 2278 612 2331 quoque
629 2263 722 2328 nubila
739 2263 815 2322 caeli.

68 2355 132 2392 nam
150 2355 211 2392 oum
229 2343 327 2393 ventus
346 2355 392 2393 cas
409 2337 509 2393 leviter
527 2338 632 2394 diducit
650 2340 741 2395 euntis
887 2356 924 2395 215

69 2413 255 2482 dissoluitque‚
274 2414 374 2470 cadant
391 2414 506 2483 ingratis
524 2414 572 2469 illa
588 2420 727 2471 necessest

68 2489 172 2545 semina
191 2506 262 2558 quae
279 2490 385 2546 faciunt
403 2491 547 2561 ludgerem.
565 2494 625 2547 tum
643 2493 700 2548 sine
717 2495 809 2550 taetro

67 2569 175 2634 terrore
193 2568 222 2620 et
240 2567 329 2621 sonitu
347 2567 429 2637 fulgit
447 2568 576 2638 nulloque
593 2569 721 2624 tumultu.
776 2612 777 2617 1

105 2642 185 2708 Quod
203 2647 336 2712 superest,
354 2643 435 2710 quala·
452 2649 551 2699 natura
568 2645 694 2713 praedita
710 2648 837 2702 constent

66 2717 188 2785 fulmina,
207 2716 348 2773 declarant
366 2718 486 2773 ictuset
503 2719 595 2773 inusta
610 2719 720 2790 vaporis
888 2736 924 2776 220

67 2794 146 2863 signa
163 2797 301 2862 notaeque
318 2794 410 2862 gravis
426 2792 546 2851 halantis
564 2794 684 2866 sulpuris
700 2813 788 2852 auras.

67 2870 137 2939 ignis
155 2870 228 2924 enim
247 2872 311 2924 sunt
328 2870 396 2924 haec
413 2886 467 2925 non
486 2871 562 2939 venti
579 2872 660 2940 signa
676 2887 766 2940 nequo
782 2871 888 2929 imbris.

68 2950 214 3016 practerea
232 2962 313 3014 saepo
331 2947 485 3002 accendunt
503 2964 612 3017 quoque
630 2951 705 3002 tecta
722 2948 865 3005 domorum

68 3027 97 3077 et
114 3024 196 3077 celeri
214 3023 322 3078 flammo
340 3024 514 3078 dominantur
532 3024 560 3077 in
579 3023 695 3078 aedibus
710 3023 791 3092 ipsis.
810 3035 814 3047 ·

68 3099 140 3153 hunc
157 3099 208 3154 tibi
226 3099 358 3158 subtilem
376 3119 441 3158 oum
458 3101 559 3176 primis
575 3099 696 3172 igetius
706 3099 816 3169 iguem
846 3166 849 3179 Ι
920 3105 968 3138 ‘1³⁵⁸

60 3175 208 3232 constituit
225 3181 328 3238 namra
345 3181 469 3242 minutis
485 3179 710 3250 moenibusque
