2040 3426
476 113 531 171 111

79 215 154 288 quod
170 216 193 272 si
210 216 361 275 inmortalis
377 217 450 272 foret
467 220 497 271 et
513 220 622 273 mutare
638 219 739 275 soleret

78 310 198 364 corpora,
215 294 358 364 permixtis
375 293 526 347 animantes
543 293 664 348 moribus
681 301 782 363 essent,

78 371 211 440 effugeret
227 370 301 424 canis
320 369 447 438 Hyrcano
465 368 501 422 de
519 371 621 424 semine
638 386 719 438 saepo
896 389 930 427 ro
972 383 974 387 ’

78 447 211 515 cornigeri
229 446 366 499 incursum
384 445 457 498 corvi
475 448 662 512 tremeretque
679 463 729 515 per
746 465 825 500 auras

78 522 149 575 aeris
166 522 297 590 accipiter
313 521 419 588 fugiens
436 521 562 574 ueniente
580 520 709 588 columba

79 597 237 667 desiperent
254 597 385 663 homines,
404 600 532 665 saperent
548 596 608 650 fera
624 597 713 651 saecla
729 598 855 652 terarum.

76 673 147 726 illud
164 675 236 728 enim
253 674 321 727 falsa
337 673 426 727 iertnr
443 674 557 739 ratione,
575 673 650 741 quod
666 673 742 728 aiunt

75 750 249 804 inmortalem
266 749 382 803 animam
400 752 506 802 mutato
525 765 637 817 corpore
655 748 734 804 flecti
894 767 930 808 aas

79 825 153 893 quod
171 829 294 880 mutatur
310 826 382 879 euim
401 826 565 891 dissolvitur,
583 825 678 880 interit
694 842 768 894 ergo.

78 901 241 954 traiciuntur
259 902 330 955 enim
348 905 442 970 partes
459 905 543 968 atque
560 901 656 955 ordine
673 901 806 970 migrant3

78 993 163 1043 quare
181 977 293 1031 dissolui
311 994 420 1046 quoqne
438 977 542 1030 debent
558 993 638 1046 posse
655 993 706 1046 por
722 981 807 1047 artus,

78 1052 196 1121 denique
213 1055 246 1106 nt
262 1052 399 1108 intereant
416 1070 470 1107 una
487 1070 548 1107 cum
566 1069 680 1122 corpore
697 1057 819 1110 cunctae.

76 1128 118 1181 sin
136 1129 239 1182 animas
255 1127 505 1184 hominumdicent
521 1130 549 1182 in
567 1145 681 1198 corpora
698 1147 806 1200 semper
891 1147 929 1187 roo

77 1204 119 1257 ire
136 1204 260 1272 humana,
277 1207 369 1258 tamen
387 1221 516 1272 quaeram
534 1220 584 1258 cur
601 1222 617 1259 e
635 1206 752 1273 sapienti

78 1279 163 1334 stulta
180 1279 349 1347 quoat'fieri‚
366 1295 417 1332 nec
432 1278 553 1346 prudens
571 1278 609 1332 sit
625 1296 695 1347 puer
711 1280 790 1347 ullus,

76 1371 97 1403 81
110 1371 160 1403 NON
172 1371 249 1404 cnm
261 1370 306 1411 8ῌο
319 1370 379 1408 oola
391 1369 480 1402 ΒΕΜΙΙἙ
496 1370 645 1408 ssssssloQUn

77 1448 128 1485 uec
145 1435 203 1484 tam
221 1430 317 1484 doctus
335 1446 423 1498 equae
439 1430 530 1498 pullus
548 1447 628 1498 quam
647 1430 726 1484 fortis
743 1431 807 1499 eqni
824 1432 884 1490 visi

77 1506 181 1561 seilicet
198 1507 226 1559 in
244 1508 339 1558 tenero
358 1514 528 1559 tenerascere
545 1522 658 1574 corporo
676 1509 794 1560 mentem
892 1525 928 1567 ror

77 1582 240 1649 confugient
259 1581 333 1651 quod
351 1581 374 1634 si
391 1581 445 1634 iam
462 1579 502 1644 fit.
520 1581 624 1635 fateare
641 1589 778 1639 necessest

76 1658 220 1712 mortalem
237 1673 298 1711 esse
314 1656 439 1724 animam,
458 1657 583 1724 quoniam
601 1663 708 1712 mutata
724 1677 775 1728 por
792 1665 870 1717 artus

77 1737 155 1788 tanto
173 1749 256 1802 opero
272 1733 376 1788 amittit
393 1733 478 1786 vitam
495 1749 661 1802 sensumque
680 1735 804 1803 priorem.

77 1825 165 1878 quove
182 1808 263 1862 modo
280 1808 384 1877 poterit
402 1809 507 1876 pariter
523 1825 585 1862 enm
604 1826 716 1878 corpore
733 1827 843 1881 quoquo

77 1886 237 1939 continuata
254 1885 376 1953 cupitum
393 1885 492 1945 aetatis
509 1888 624 1954 tangere
642 1885 737 1939 florem
890 1901 928 1942 rso

79 1962 119 2014 vis
136 1961 225 2026 animi,
243 1960 295 2014 nisi
313 1960 367 2014 crit
383 1975 493 2012 consors
511 1960 539 2012 in
557 1960 661 2027 origine
678 1961 784 2028 primal

77 2037 180 2105 quidve
196 2037 269 2088 foras
287 2035 338 2088 sibi
356 2034 416 2087 vult
433 2034 564 2087 membris
582 2035 656 2088 exire
674 2036 810 2094 senectisi

76 2129 111 2164 an
129 2112 228 2165 metuit
246 2111 370 2164 conclusa
387 2126 498 2163 menore
515 2110 543 2162 in
560 2127 673 2179 corpore
690 2112 765 2180 putri

77 2193 106 2241 et
124 2188 221 2240 domus
239 2186 340 2240 aetatis
358 2186 445 2253 spatio
463 2202 498 2239 ne
515 2185 588 2239 iesse
604 2190 713 2240 vetusto

77 2263 194 2316 obruatl
211 2266 242 2314 at
258 2277 311 2313 non
329 2263 393 2313 srmt
410 2260 557 2313 immortali
574 2261 631 2314 ulla
647 2262 754 2330 pericla

113 2337 239 2405 Denique
256 2335 370 2390 conubia
387 2335 424 2388 ad
436 2335 552 2389 Veneris
569 2339 719 2406 partusque
735 2338 854 2392 ferarum

76 2430 138 2468 csso
156 2413 258 2466 animas
274 2415 384 2481 praesto
402 2410 582 2466 deridiculum
600 2429 660 2467 esse
677 2414 794 2481 videtur,

73 2493 221 2558 expectare
237 2488 398 2542 immortalis
416 2489 541 2543 mortalia
557 2489 680 2544 membra

76 2567 218 2619 innumero
235 2581 347 2620 numero
365 2569 526 2634 certareque
543 2571 792 2636 praeproperanter

76 2645 149 2700 inter
166 2658 196 2695 se
213 2658 283 2710 quae
300 2641 389 2710 prima
406 2642 600 2711 potissimaque
618 2643 782 2710 insinuetur3

77 2717 99 2770 si
117 2734 169 2770 non
188 2718 260 2771 forte
277 2717 317 2770 ita
334 2719 399 2770 sunt
415 2717 566 2770 animarum
584 2717 696 2771 foedera
712 2721 794 2786 pocta

76 2796 109 2846 ut
125 2809 196 2861 quae
213 2790 410 2861 prima-volans
427 2791 569 2846 advenerit
586 2792 738 2846 insinuetur

76 2869 164 2937 prima
180 2883 271 2936 neque
287 2867 361 2920 inter
377 2882 407 2920 se
425 2866 591 2920 contendant
608 2865 711 2920 viribus
727 2866 820 2921 hilum.

113 2944 238 3012 Denique
256 2944 284 2996 in
302 2942 414 2996 aethere
431 2958 484 2994 non
502 2942 591 3010 orbor,
608 2958 663 2996 non
681 2958 799 3010 aequore
816 2942 844 2996 in
862 2942 918 2996 alto

77 3019 162 3074 nnbos
179 3036 239 3074 esse
257 3022 361 3088 queunt
378 3035 428 3073 nec
445 3017 536 3088 pisces
551 3017 698 3090 uiseresm
711 3019 790 3070 arsis
906 3026 953 3060 aas

72 3112 125 3148 noc
141 3112 222 3150 cruor
238 3096 265 3150 in
284 3096 367 3167 lignis
385 3113 480 3168 neque
497 3096 576 3152 sanis
594 3109 685 3150 sucus
696 3093 811 3144 inesse.

62 3173 169 3224 certum
187 3187 223 3228 oc
240 3172 449 3248 dispositumst
466 3175 523 3275 ubi
542 3172 685 3248 quaequae
702 3162 823 3220 creseat·
840 3154 880 3204 ὼ
887 3140 982 3197 'iffi'
