2040 3426
71 123 127 179 182
464 116 515 173 VI

65 224 163 280 crescit
175 223 263 278 barba
273 222 377 292 pilique
387 237 439 291 per
450 221 541 275 omnia
552 220 684 290 membra,
694 237 747 290 per
757 224 842 278 artus.
884 239 922 279 ore

66 288 197 356 diditur
189 317 217 353 ιιι
234 315 317 354 venas
333 299 411 352 cibus
428 298 522 364 omnis,
540 299 624 365 auget
641 297 746 367 alitque

66 377 186 446 corporis
204 379 341 430 extremas
359 391 467 444 quoque
483 374 570 443 partis
587 373 807 443 unguiculosque

66 454 150 522 frigus
165 454 232 508 item
250 453 366 506 transire
383 467 433 520 per
451 467 497 505 aes
514 449 687 519 calidumque
704 466 832 520 vaporem
921 447 926 456 '

66 529 205 597 sentimus,
225 529 356 584 sentimus
373 527 442 581 item
459 527 577 582 transire
594 543 644 595 per
661 543 759 580 aurum

66 608 150 673 atque
166 623 216 675 per
233 608 385 673 argentum,
402 619 464 657 oum
481 603 578 672 pocula
596 603 677 671 plena
694 606 827 659 tenemus.
882 618 922 658 eto

67 681 185 750 denique
202 699 252 750 per
269 681 409 751 dissaepta
427 679 568 733 domorum
587 695 669 732 saxea
686 679 768 733 voces

67 759 240 825 pervolitant,
256 760 400 826 permanat
417 756 485 810 odor
502 755 643 823 frigusque
660 771 799 825 vaposque

66 834 144 901 ignis,
162 835 209 902 qui
226 834 293 887 ferri
311 849 419 902 quoque
436 832 492 886 rim
509 834 655 901 penetrare
673 832 763 886 suevit

67 909 184 977 denique
201 927 256 979 qua
273 910 376 964 circum
395 909 467 964 Galli
484 907 570 962 lorica
586 909 702 962 coercet.

22 1009 54 1039 eo
67 988 95 1038 ct
112 988 292 1055 tempestates
309 989 385 1039 terra
402 985 532 1051 caeloque
549 986 661 1038 coortae
882 998 922 1040 eet

65 1061 93 1112 in
111 1062 214 1115 caelum
232 1065 376 1129 terrasque
393 1063 515 1114 remotae
532 1060 593 1112 iura
610 1059 756 1126 facessunt,

22 1158 53 1188 aa
66 1137 189 1190 morbida
206 1138 301 1206 visque
318 1137 405 1202 simul,
423 1153 486 1190 cum
503 1136 674 1190 extrinsecus
689 1136 859 1202 insinuatum

22 1235 53 1266 „aa
66 1212 285 1280 quandoquidem
303 1213 340 1265 nil
359 1216 402 1266 cst
418 1212 470 1266 nisi
488 1228 551 1265 raro
569 1211 681 1280 corpori’
699 1229 780 1265 nexu.

100 1288 164 1343 Huc
182 1288 289 1343 accedit
306 1289 348 1342 uti
365 1304 419 1341 non
436 1289 533 1356 omnia,
551 1304 622 1356 quae
639 1286 786 1341 iaciuntur·

65 1381 177 1432 corpora
195 1382 312 1433 cumque
328 1366 364 1419 ab
381 1365 471 1433 rebus,
488 1365 585 1419 eodem
602 1365 729 1432 praedita
746 1381 828 1419 sensu
881 1379 920 1420 eoo

64 1444 148 1509 atque
165 1441 262 1496 eodem
280 1442 461 1511 pastorebus
479 1442 534 1495 sint
552 1441 678 1494 omnibus
694 1444 767 1510 apta.

64 1516 196 1585 principio
213 1520 316 1572 terram
333 1519 373 1572 sol
392 1518 519 1585 excoquit
537 1517 649 1571 etfacit
667 1533 721 1584 are,

65 1594 95 1644 at
111 1590 368 1659 glacicm⁰dissolrit
385 1597 415 1648 et
432 1593 495 1646 altis
512 1592 651 1647 montibus
668 1593 741 1647 altas

65 1669 260 1734 extructasque
276 1668 353 1722 niues
369 1669 454 1722 radiis
472 1669 614 1722 tabescere
631 1669 711 1737 cogit.

65 1741 184 1811 denique
202 1758 265 1796 ocra
280 1743 387 1810 liquefit
404 1744 432 1796 in
450 1744 508 1796 eius
525 1747 605 1811 posta
622 1762 728 1813 vapore.
880 1761 920 1800 oet

64 1817 135 1885 ignis
151 1817 219 1871 item
236 1818 370 1886 liquidum
388 1819 456 1872 facit
471 1834 519 1872 aes
536 1835 687 1888 aurumque
704 1822 824 1890 resolvit,

64 1898 94 1948 at
112 1894 185 1948 coria
202 1898 232 1949 et
248 1911 357 1948 carnem
374 1895 462 1950 trahit
479 1898 508 1949 et
526 1895 652 1950 conducit
670 1898 697 1950 in
715 1915 805 1952 rmum.

63 1986 142 2023 umor
159 1987 247 2040 aquae
263 1988 345 2039 porro
363 1972 466 2026 ferrum
484 1972 618 2026 condurat
635 1973 670 2026 ab
687 1975 751 2042 igni,

64 2048 94 2099 at
111 2047 185 2100 coria
202 2052 232 2101 et
249 2064 358 2102 carnem
375 2049 464 2102 mollit
482 2049 582 2103 durata
600 2049 695 2104 calore.

64 2120 223 2190 barbigeras
241 2123 359 2177 oleaster
376 2141 408 2178 eo
426 2124 503 2177 iuvat
520 2141 609 2193 usque
626 2127 750 2194 capellas,
881 2142 920 2185 ore

64 2197 158 2252 effluat
174 2199 327 2254 ambrosiae
343 2201 421 2268 quasi
438 2215 503 2254 rere
520 2204 550 2255 et
567 2202 678 2255 nectari’
697 2203 813 2270 linctus3

64 2290 118 2340 qua
134 2272 172 2327 nil
190 2278 233 2329 est
250 2276 353 2329 homini
371 2276 446 2343 quod
463 2277 574 2330 amariu'
591 2276 719 2334 frondeat
736 2296 805 2334 esca.

64 2349 181 2417 denique
198 2352 381 2405 amaracinum
398 2352 499 2419 fugitat
517 2369 563 2406 sus
580 2356 610 2407 et
627 2354 707 2409 timet
724 2372 803 2410 omne

64 2428 228 2492 ungentum3
245 2443 308 2479 nam
325 2427 468 2495 saetigeris
485 2427 569 2482 subus
586 2446 648 2483 acre
665 2435 833 2500 venenumst,
914 2464 918 2472 ·

64 2500 139 2568 quod
155 2517 205 2553 nos
221 2500 361 2555 interdum
378 2506 519 2571 tamquam
536 2521 662 2560 recreare
679 2507 795 2562 videtur.
880 2523 920 2564 att

62 2579 92 2630 at
110 2579 205 2630 eontra
222 2575 301 2629 nobis
318 2593 431 2631 caenum
448 2580 608 2634 taeterrima
625 2599 687 2636 curn
706 2583 744 2637 sit

63 2652 216 2720 spurcities,
234 2652 331 2707 eadem
350 2654 432 2708 subus
450 2655 517 2708 haec
534 2657 653 2711 iucunda
670 2658 788 2728 videtur,
845 2698 848 2702 Δ

62 2727 134 2782 insat
122 2729 221 2783 tiabilit
209 2733 253 2783 ter
270 2731 323 2784 toti
340 2733 372 2784 ut
389 2731 533 2784 volvantur
549 2732 662 2787 ibidem

97 2804 204 2859 Hoet
176 2807 258 2860 etiam
276 2810 406 2874 superest,
425 2806 485 2875 ipsa
502 2824 583 2875 quam
601 2809 693 2864 dicere
710 2811 745 2864 de
763 2827 794 2865 ro

62 2879 210 2946 adgredior
228 2882 303 2949 quod
320 2882 464 2935 dicendum
483 2883 559 2949 prius
577 2902 636 2938 osse
654 2886 732 2940 videt
720 2891 772 2940 tm.
881 2904 923 2943 ceo

52 2956 143 3007 rnulta
158 2956 296 3012 forornlna
314 2974 376 3012 curn
395 2958 477 3012 variis
495 2959 548 3011 sint
566 2961 615 3012 red
618 2961 660 3014 dit
648 2965 677 3014 ta
694 2963 783 3028 robus,

34 3024 175 3082 mamili
187 3031 321 3091 Interea
339 3041 443 3092 natura
462 3035 594 3106 praedita
611 3037 715 3090 debent

17 3107 85 3150 esse
102 3105 138 3154 et
154 3095 281 3168 labore
291 3132 376 3170 suam
399 3120 489 3170 nwrtm
491 3132 535 3168 am
557 3130 688 3181 qumque
703 3113 829 3178 uiasque

17 3170 116 3232 ''¹⁰1'ss
136 3184 253 3242 etenim
279 3195 357 3249 sarii
382 3213 461 3249 sons
458 3212 519 3252 rs
515 3189 715 3246 aerumnam
728 3188 869 3249 insum
