2040 3426
494 125 530 182 ll

89 227 224 282 sufficiunt
240 226 319 281 nobis
336 238 366 282 ct
383 227 529 295 splendida
545 228 647 283 lumina
664 229 732 284 solis.

87 304 228 372 multaque
245 307 389 373 praeterea
406 321 534 372 magnum
551 321 601 373 per
618 306 697 360 inane
713 308 854 375 vagantur,

88 379 207 432 conciliis
224 396 315 433 rerum
334 397 403 448 quae
421 384 485 434 sunt
502 380 604 434 reiecta
620 399 670 435 nec
686 399 801 451 usquam

88 456 240 508 consociare
258 457 341 509 etiam
358 459 448 510 motus
467 459 582 525 potuere
599 461 716 526 recepta

87 531 169 599 euius,
188 532 229 585 uti
247 548 375 598 memoro,
393 532 434 586 rei
452 532 625 585 simulacrum
643 537 671 587 et
688 534 776 601 imago

87 609 152 660 ante
170 608 259 660 oeulos
278 624 386 676 semper
403 607 480 661 nobis
498 612 624 662 versatur
640 611 670 661 ct
686 609 780 665 instat.

86 685 284 751 contemplator
302 685 381 751 enim,
400 700 468 737 cum*
479 683 542 737 solis
560 684 662 737 lumina
679 700 796 753 cumque

84 759 182 812 inserti
200 761 318 813 fundunt
335 759 403 814 radii
422 776 472 828 per
490 775 574 827 opaca
592 759 747 814 danaorum:

86 835 173 887 multa
190 836 293 889 minuta
311 835 399 889 modis
417 835 511 888 multis
528 851 579 904 per
597 836 677 889 inane
694 836 801 890 ridebis

85 926 199 979 corpora
216 911 323 965 misceri
341 911 480 964 radiorum
497 910 599 966 lumino
616 912 644 964 in
662 911 720 980 ipso

85 989 114 1040 et
132 986 206 1040 velut
223 989 337 1041 aeterno
353 987 502 1041 certamine
519 987 623 1055 proelia
639 1003 744 1055 pugnas

85 1061 168 1116 odere
184 1063 325 1117 turmatim
343 1063 477 1117 certantia
494 1079 544 1117 nec
561 1063 628 1117 dare
644 1079 764 1131 pausam,

83 1138 202 1191 conciliis
220 1143 249 1192 et
267 1139 386 1192 discidiis
405 1139 525 1210 exercita
542 1139 661 1204 erebris;

84 1215 206 1268 conicere
224 1218 255 1268 nt
272 1215 360 1282 possis
378 1231 412 1267 ex
428 1216 486 1281 hoc,
504 1215 651 1282 primordia
668 1230 759 1268 rerum

84 1290 164 1357 qualo
182 1290 217 1343 sit
234 1290 262 1342 in
279 1307 377 1358 magno
394 1291 489 1344 iactari
506 1307 614 1359 semper
630 1291 710 1344 inani.

85 1366 228 1420 dumtaxat
245 1382 337 1419 rerum
355 1381 513 1433 magnarum
531 1381 614 1433 parra
630 1368 723 1433 potest
740 1381 785 1419 res

85 1442 239 1510 exemplare
258 1441 324 1494 dare
341 1444 370 1494 et
388 1435 502 1509 vestigia
518 1440 632 1494 notitiai.

84 1517 135 1570 hoe
147 1518 229 1570 etiam
242 1517 328 1583 magis
340 1516 408 1570 haec
418 1517 537 1570 animum
549 1519 579 1570 to
590 1517 736 1570 advertere
748 1533 799 1584 par
810 1520 853 1571 est
899 1531 935 1570 ras

84 1609 196 1660 corpora
214 1609 284 1660 quae
302 1592 329 1644 in
348 1592 411 1645 solis
428 1591 510 1644 radiis
528 1591 642 1645 turbare
660 1592 796 1658 videntur,

84 1668 157 1735 quod
175 1669 244 1721 talcs
262 1667 359 1720 turbaa
376 1669 466 1720 motus
483 1684 591 1736 quoque
608 1669 733 1722 materiai

83 1744 234 1811 significant
252 1742 434 1797 clandestinos
452 1759 599 1811 caecosque
616 1744 742 1800 subesse..

83 1819 170 1872 multa
187 1818 291 1872 videbis
309 1818 381 1871 enirn
398 1818 484 1888 plagis
502 1818 541 1871 ibi
559 1820 663 1887 percita
680 1822 767 1875 caecis

83 1897 250 1948 commutare
268 1894 339 1948 viam
356 1898 485 1961 retroque
501 1894 611 1963 repulsa
627 1897 729 1949 reverti
897 1910 934 1950 rao

82 1987 152 2024 nunc
169 1971 222 2023 huc
239 1986 310 2023 nunc
327 1970 390 2022 illuc
406 1969 435 2022 in
453 1972 563 2023 cunctas
581 1970 700 2038 undique
717 1972 810 2039 partis.

83 2046 184 2100 scilieet
201 2045 244 2098 hic
261 2061 278 2097 a
295 2045 431 2112 principiis
448 2048 492 2098 est
509 2045 633 2098 omnibus
650 2063 732 2100 error.

82 2121 171 2190 prima
187 2122 331 2173 mouentur
348 2119 419 2173 enim
437 2137 486 2189 per
504 2136 535 2180 so
550 2121 699 2189 primordia
716 2140 823 2190 rerum;

81 2197 146 2250 inde
163 2212 196 2249 ea
213 2211 284 2263 quae
300 2211 383 2262 parvo
401 2199 465 2250 sunt
482 2211 595 2263 corpora
612 2197 752 2250 conciliatu

82 2275 112 2327 et
129 2271 205 2341 quasi
222 2270 345 2339 proxima
363 2273 426 2324 sunt
443 2271 479 2325 ad
496 2271 561 2325 viris
578 2271 778 2340 principiorum,

82 2346 183 2402 ictibus
199 2345 307 2399 illorum
324 2346 411 2399 caeeis
428 2347 534 2415 inpulsa
551 2347 663 2415 cientur,

35 2424 38 2431 '
82 2424 194 2492 ipsaque
211 2437 281 2489 quac
298 2438 379 2489 porro
397 2423 476 2491 paulo
494 2424 596 2477 maiora
612 2423 755 2479 lacessunt.

83 2500 121 2552 sic
139 2516 155 2552 a
171 2498 310 2567 principiis
327 2493 451 2553 ascendit
467 2503 558 2554 motus
576 2503 605 2554 et
622 2494 680 2554 exit
719 2514 722 2522 ·

83 2575 213 2645 paulatim
230 2578 338 2628 nostros
355 2575 391 2628 ad
409 2592 510 2642 sensus,
529 2570 560 2630 ut
577 2570 738 2629 moveantur

82 2651 129 2705 illa
145 2667 260 2719 quoque,
277 2650 305 2702 in
324 2651 386 2704 solis
404 2667 474 2719 quao
490 2651 591 2706 lumine
608 2667 720 2705 cernere
738 2651 845 2718 quimus
897 2666 942 2704 rio·

83 2743 133 2780 nec
150 2726 248 2794 quibus
265 2725 294 2777 id
312 2725 412 2778 faciant
430 2726 517 2794 plagis
535 2729 650 2796 apparet
667 2729 771 2795 aperte.

118 2802 144 2854 N
145 2818 196 2855 unc
214 2816 284 2868 quae
301 2800 437 2853 mobilitas
455 2802 491 2854 sit
508 2803 619 2855 reddita
635 2800 761 2855 materiai

83 2877 247 2944 corporibus,
266 2876 359 2944 paucis
376 2876 440 2929 licet
456 2877 518 2929 hine
535 2892 705 2944 cognoscere,
723 2875 845 2929 Memmi.

82 2954 200 3021 primurn
217 2967 314 3005 aurora
330 2967 400 3004 novo
419 2968 482 3005 cum
498 2953 609 3022 spargit
618 2952 733 3004 lumina
746 2953 848 3000 asnaa

81 3032 110 3080 ct
128 3028 217 3081 variae
235 3027 359 3084 volueres
377 3045 496 3084 nemora
512 3029 580 3084 auia
595 3023 816 3099 pervolitantes

71 3117 136 3155 aera
153 3120 206 3172 per
224 3109 357 3163 tenerum
376 3109 498 3180 liquidis
514 3107 587 3164 loca
602 3103 732 3160 ammas
749 3081 897 3174 Obpbffi‘

61 3192 146 3245 qnam
163 3180 263 3238 subito
284 3185 384 3246 soleat
402 3188 451 3246 sol
471 3191 564 3246 ortus
577 3189 733 3254 ternpore
745 3165 816 3224 aab

944 3011 976 3046 Ἣ
