2040 3426
480 115 552 173 IIII
886 118 942 174 lli)

81 229 192 291 semper
208 219 280 276 enim
297 224 395 290 partus
412 219 513 290 duplici
531 221 567 274 do
585 220 687 274 semine
704 223 820 290 constat,

80 300 167 366 atque
183 297 239 352 utri
257 297 373 351 similest
389 296 476 364 magis
492 297 522 349 id
540 296 731 365 quodcumque
749 300 866 366 creatur,
891 313 939 370 imo

81 373 140 427 eius
157 373 241 427 habet
258 373 319 441 plus
337 376 418 440 parte
435 388 536 440 acqua;
554 370 629 440 quod
646 388 758 426 cernere
774 375 870 441 possis,

81 448 139 502 sire
157 450 245 502 virum
264 447 371 501 suboles
389 449 473 501 sivest
491 447 632 500 muliebris
649 448 731 514 erige.

118 524 175 578 Nec
193 524 283 577 diviua
301 531 391 576 saturn
409 523 557 590 genitalem
575 523 685 575 numina
703 522 828 591 cuiquam

80 600 246 666 absterrent,
264 603 343 667 pater
361 615 378 652 a
395 598 486 666 gnaris
503 615 538 650 uc
557 596 682 650 dulcibus
699 614 829 666 umquam

80 676 234 744 appelletur
252 679 281 728 et
298 678 329 728 ut
348 674 434 728 sterili
451 674 560 727 Venere
579 673 673 740 exigat
690 689 800 738 aev0m;
893 692 939 728 ies

79 751 154 818 quod
171 751 332 820 plerumque
350 753 450 818 putant
467 754 497 802 et
514 749 601 802 multo
620 749 750 816 sanguine
767 751 865 804 maesti

78 834 263 896 conspergunt
282 843 342 879 aras
361 825 525 892 adolentque
543 825 640 877 altaria
658 824 744 891 donis,

78 907 110 956 ut
127 903 256 969 gravidas
273 900 393 955 reddant
411 917 512 953 uxores
530 901 633 953 semine
651 900 733 968 largo.

77 979 242 1047 nequiquam
261 977 351 1031 divom
368 993 469 1030 numen
488 977 625 1046 sortisque
643 977 766 1045 fatigant.

77 1071 140 1107 nam
158 1053 265 1108 steriles
282 1053 394 1106 nimium
411 1069 502 1107 crasso
521 1060 584 1107 sunt
602 1054 704 1106 semiue
721 1053 823 1121 partim
891 1068 939 1110 1210

76 1133 107 1183 ct
125 1129 227 1196 liquido
245 1132 355 1198 praeter
371 1129 472 1183 iustum
491 1130 621 1197 tenuique
638 1128 765 1182 vicissim.

76 1210 159 1259 tenve
176 1205 242 1258 locis
260 1205 396 1274 quianon
413 1205 485 1273 potis
503 1208 547 1258 est
564 1204 685 1271 adfigere
702 1204 860 1271 adhaesum,

75 1282 190 1352 liquitur
208 1281 344 1350 extemplo
362 1285 391 1334 et
409 1284 566 1334 revocatum
584 1280 659 1332 cedit
675 1280 756 1333 abort
776 1321 781 1333 .

75 1358 193 1412 crassius
210 1358 253 1411 his
270 1373 352 1426 porro
370 1357 498 1424 quoniam
516 1355 667 1409 concretius
685 1371 771 1422 aequo

75 1434 204 1501 mittitur,
221 1436 270 1500 aut
287 1449 341 1485 non
358 1436 416 1486 tam
434 1430 539 1501 prolixo
555 1431 680 1498 provolat
698 1429 754 1482 ictu
890 1447 937 1486 mu

75 1511 124 1562 aut
141 1512 287 1578 penetrare
305 1508 378 1562 locos
396 1524 482 1575 aeque
500 1507 594 1574 nequit
611 1510 660 1559 aut
677 1508 852 1573 penetratum

74 1601 158 1653 aegre
176 1585 342 1639 admiscetur
359 1583 487 1638 muliebri
506 1574 727 1637 semiue⁰semeu

75 1677 138 1714 iram
156 1660 273 1714 multum
290 1660 445 1714 hannoniae
464 1659 580 1713 Veneris
598 1657 708 1711 differre
727 1657 862 1714 videatur.

74 1739 158 1805 atque
175 1736 243 1790 alias
260 1737 306 1790 alii
323 1737 460 1806 complent
477 1736 564 1803 magis
582 1751 616 1788 ex
634 1734 748 1803 aliisque

75 1812 227 1881 succipiunt
244 1813 313 1866 aliae
331 1813 438 1881 pondus
455 1813 542 1880 magis
560 1812 641 1879 inque
659 1815 829 1878 gravescunt.
887 1828 934 1864 ram

74 1890 104 1940 ct
122 1888 225 1943 multae
243 1889 350 1944 steriles
370 1888 536 1956 Hymenaeis
555 1890 620 1938 ante
638 1886 752 1938 luerunt

73 1963 197 2031 primibus
216 1967 245 2018 et
262 1967 359 2018 nactae
378 1967 440 2031 post
459 1965 523 2014 suut
542 1967 634 2014 tamen
652 1959 726 2011 unde
742 1959 848 2027 puellos

74 2040 213 2108 suscipere
230 2043 259 2092 et
276 2042 357 2105 partu
374 2042 486 2105 possent
504 2037 639 2089 ditescere
658 2034 740 2088 dulei.

73 2117 103 2168 ct
122 2114 221 2183 quibus
239 2118 302 2167 ante
321 2113 394 2166 domi
411 2111 545 2165 secundae
564 2126 645 2178 saepe
664 2110 822 2177 nequissent

72 2207 174 2244 uxores
191 2206 296 2259 parere,
315 2189 451 2242 inventast
469 2188 520 2259 illis
539 2203 648 2254 quoque
665 2201 775 2254 compar
887 2204 934 2242 lau

73 2270 181 2332 natura,
198 2267 230 2317 ut
247 2267 359 2332 possent
376 2263 467 2331 gnatis
485 2263 592 2315 munire
610 2265 756 2315 senectam.

72 2340 248 2409 usqueadeo
266 2340 356 2407 magni
374 2340 467 2407 refert,
486 2341 517 2393 ut
537 2338 640 2392 semina
657 2338 763 2407 possint

72 2416 222 2472 seminibus
240 2417 406 2472 commisceri
424 2416 585 2485 genitaliter
602 2419 676 2483 apta,

72 2509 200 2548 crassane
218 2494 379 2548 conveniant
397 2493 507 2563 liquidis
526 2498 556 2547 ot
573 2492 678 2559 liquida
695 2490 803 2546 crassis.

73 2573 158 2637 atque
175 2569 204 2621 in
223 2585 255 2623 eo
273 2571 358 2625 refert
376 2588 429 2638 quo
447 2571 522 2624 victu
540 2570 596 2623 vita
615 2569 735 2633 colatur;
885 2582 921 2619 m,

73 2660 191 2712 suumque
208 2644 269 2698 aliis
285 2646 365 2699 rebus
383 2649 560 2699 concrescunt
578 2645 682 2698 semina
699 2641 829 2696 membris

73 2723 157 2790 atque
175 2719 235 2774 aliis
253 2722 435 2773 extenvantur
453 2721 604 2787 tabentque
623 2719 747 2773 vicissim.

73 2799 103 2851 et
120 2795 219 2864 quibus
236 2795 295 2862 ipsa
312 2793 400 2847 modis
417 2797 555 2849 tractetur
572 2794 674 2852 blanda
692 2793 826 2861 voluptas,

73 2871 103 2926 id
121 2888 229 2940 quoque
247 2870 387 2939 permagni
406 2871 588 2936 refert;na1u
607 2884 682 2923 more
701 2866 821 2920 ferarum

73 2946 338 3016 quadrupedumque
356 2947 442 3013 magis
459 2947 516 2999 ritu
533 2946 693 3013 plerumque
711 2945 844 3012 putantur
883 2955 932 2995 iaus

73 3024 217 3091 concipere
234 3039 339 3089 uxores,
357 3023 421 3092 quia
439 3022 477 3076 sic
495 3021 557 3075 ioca
574 3036 686 3074 sumere
700 3020 838 3087 passuum,

66 3099 228 3167 pectoribus
245 3100 353 3169 positis,
374 3099 494 3157 sublatis
512 3094 764 3155 seminaturum„

60 3189 114 3225 acc
131 3174 230 3229 molles
248 3181 314 3249 opu’
334 3186 404 3238 sunt
424 3185 529 3237 motus
544 3174 695 3234 uxoribus
704 3167 820 3221 uuum.
