2040 3426
501 123 573 182 lIII
918 126 955 184 97

60 259 93 293 m
107 235 192 302 atque
210 228 342 300 patefecit
360 244 427 297 quas
445 234 509 282 ante
527 229 674 282 obsederat
690 245 738 283 aer
923 245 961 284 sss

106 316 175 373 ator,
195 306 323 360 continuo
340 320 432 357 rerum
450 304 594 359 simulacra
612 308 741 359 secuntur

106 400 176 454 quae
195 382 249 436 sita
268 384 332 435 sunt
350 379 378 432 in
395 380 463 447 luce,
482 380 673 448 lacessuntque
690 384 722 434 ut
739 381 887 437 videamus.

59 480 92 512 ru
107 459 181 530 quod
199 460 296 512 contra
316 457 405 510 facere
424 455 449 508 iu
469 456 591 510 tenebris
610 473 626 509 e
643 456 703 510 luce
721 459 865 526 nequimus

106 540 253 607 propterea
272 533 336 602 quia
355 531 490 600 posterior
510 532 632 600 caliginis
649 550 697 587 aer

105 613 221 667 crassior
239 609 393 676 insequitur
412 611 458 678 qui
477 612 575 662 cuncta
592 609 725 663 foramina
742 611 861 680 complet
922 628 957 665 uso

105 689 262 757 obsiditque
280 686 338 740 vias
357 686 556 754 oculorumque
574 685 716 740 simulacra

106 765 211 834 possint
229 764 346 817 ullarum
365 779 456 816 rerum
474 763 597 815 coniecta
614 778 730 816 movere.

106 841 310 910 ‹prradratasquc
329 837 422 907 procul
442 841 525 891 turris
544 855 605 890 curn
624 837 760 891 cernimus
777 837 859 903 urbis,

105 920 254 986 propterea
267 917 305 984 ‘fit
324 915 364 967 uti
384 914 528 967 uideantur
547 931 628 984 saepo
646 914 789 981 rotundae,

106 993 220 1060 mrgulus
239 998 352 1060 optusus
370 992 434 1060 quia
451 989 531 1058 longe
550 990 671 1044 cernitur
689 991 776 1043 omnis
920 1009 955 1044 :us

105 1068 163 1120 sive
182 1068 264 1121 etiam
285 1067 376 1136 potius
394 1083 447 1120 uon
467 1066 589 1120 cernitur
607 1082 638 1121 nc
656 1067 730 1136 perit
747 1067 806 1120 eius

105 1143 186 1213 plaga
203 1160 252 1196 uec
271 1142 306 1196 ad
325 1146 431 1196 nostras
450 1143 521 1196 acies
541 1141 692 1210 perlabitur
710 1143 786 1207 ictus,

95 1216 169 1273 'aem
186 1236 236 1289 per
255 1220 371 1272 multum
392 1219 455 1287 quia
474 1219 539 1270 dum
561 1218 705 1272 simulacra
721 1221 854 1287 feruutur,

105 1294 179 1363 cogit
196 1295 342 1348 hebescere
361 1311 423 1347 cum
442 1293 545 1347 crebris
563 1293 708 1347 offensibus
727 1312 780 1347 aer.

105 1369 156 1424 lroc
174 1371 221 1423 ubi
241 1371 352 1437 suffugit
371 1386 478 1422 sensum
497 1369 576 1422 simul
595 1370 708 1436 angulus
726 1372 820 1439 omnis,
920 1390 956 1427 seo

105 1445 138 1499 iit
155 1447 232 1514 quasi
250 1449 282 1499 ut
300 1446 336 1498 ad
354 1451 462 1499 tornum
482 1461 608 1498 saxorum
628 1449 734 1500 structu
752 1450 867 1501 tuemur.

105 1537 158 1574 uon
177 1528 268 1575 tamen
287 1528 427 1575 uteorum
446 1537 515 1588 quae
534 1526 598 1575 sunt
615 1519 733 1591 vereque
751 1523 876 1582 rutunda

105 1597 155 1651 sed
172 1598 248 1666 quasi
267 1598 450 1652 adumbratim
469 1593 585 1667 paulum¹
599 1598 725 1652 simulata
743 1599 877 1653 videmur.

105 1672 202 1726 umbra
220 1674 328 1727 videtur
346 1675 412 1726 item
431 1674 510 1728 nobis
527 1675 554 1728 in
572 1673 628 1728 sole
646 1675 747 1728 moveri

105 1752 135 1802 et
153 1750 267 1817 vestigia
284 1755 377 1804 nostra
397 1752 472 1820 sequi
491 1756 653 1821 gestumque
671 1751 789 1816 imitari;
918 1768 954 1806 ³65

105 1840 169 1878 aera
187 1826 208 1878 si
227 1826 316 1879 erodis
334 1827 471 1896 privatum
489 1828 590 1881 lumine
609 1845 688 1897 posse

103 1899 256 1970 indugredi,
274 1908 365 1957 motus
382 1904 520 1956 hominum
537 1907 699 1970 gestumque
717 1907 892 1971 sequentem·

105 1992 166 2028 uam
185 1977 222 2029 nil
242 1995 301 2031 esse
320 1983 412 2047 potest
431 1978 498 2031 aliut
518 1978 568 2029 nisi
586 1977 688 2030 lumino
705 1994 798 2031 cassus

103 2068 151 2104 uer
168 2051 198 2104 id
216 2054 289 2119 quod
309 2071 357 2106 uos
375 2053 498 2105 umbram
517 2052 662 2120 perhibere
680 2057 795 2106 sumnus.

55 2137 58 2143 ·
103 2125 231 2179 nimirum
250 2130 313 2197 quia
331 2132 406 2181 terra
423 2127 489 2180 locis
508 2143 542 2179 ex
560 2124 656 2179 ordine
674 2127 756 2179 cortis
916 2145 953 2184 sto

102 2200 206 2255 lumine
224 2205 348 2271 privatur
366 2203 430 2255 solis
448 2191 618 2269 quacumque
636 2205 759 2254 meantes

103 2276 243 2343 efficimus,
263 2278 384 2346 repletur
402 2279 468 2330 item
488 2277 560 2344 quod
579 2277 706 2344 liquimus
724 2277 788 2343 cius,

103 2356 251 2422 propterca
268 2354 300 2406 fit
318 2354 359 2407 uti
377 2353 509 2419 videatur,
527 2370 597 2422 quae
615 2353 667 2406 fuit
684 2353 780 2407 umbra

103 2429 228 2496 eorporis,
247 2446 263 2484 e
281 2431 390 2498 regione
409 2430 504 2483 endem
525 2447 574 2484 uos
591 2447 678 2499 usque
696 2430 795 2484 secuta.

103 2521 211 2573 semper
229 2508 299 2560 enim
316 2524 386 2561 nova
404 2525 434 2561 so
453 2507 590 2560 radiorum
607 2506 847 2573 lurninafuudunt
916 2523 951 2560 315.

102 2580 244 2650 primaque
262 2583 430 2652 dispereunt,
451 2585 528 2652 quasi
546 2584 574 2637 in
592 2584 684 2652 iguem
702 2582 764 2636 lana
782 2582 915 2636 tralmtur.

103 2659 248 2723 propterea
265 2658 344 2712 facile
363 2664 392 2714 et
410 2660 542 2730 spoliatur
559 2660 661 2713 lumino
678 2662 754 2712 terra

103 2733 133 2783 ct
149 2731 273 2801 repletur
291 2734 357 2787 item
376 2735 521 2803 nigrasque
540 2736 590 2789 sibi
609 2735 696 2790 abluit
713 2732 831 2787 umbras.

138 2805 196 2860 Nee
213 2811 305 2862 tamen
323 2809 369 2864 hie
386 2811 477 2864 oculos
494 2810 551 2864 falli
570 2811 743 2866 concedimus
759 2807 852 2861 hilum.

103 2897 165 2933 uam
183 2900 353 2952 quocumque
370 2884 430 2939 loeo
448 2886 485 2940 sit
502 2886 549 2939 lux
567 2890 649 2955 atque
667 2885 764 2938 umbra
781 2883 853 2937 tueri
913 2898 950 2937 eso

101 2956 209 3011 illorum
227 2963 277 3014 est.
295 2959 392 3014 eadem
410 2977 474 3015 vero
493 2962 547 3015 sint
564 2961 667 3015 lumina
684 2977 778 3026 necno,

102 3031 252 3102 umbraque
270 3053 340 3107 quae
357 3037 411 3093 fuit
428 3037 473 3094 hio
491 3037 592 3093 eadem
605 3053 685 3091 nune
697 3035 833 3091 transeat
840 3033 930 3088 mue,

95 3123 131 3159 au
147 3111 242 3177 potius
259 3113 311 3171 liat
328 3117 413 3188 paulo
433 3117 514 3190 quod
532 3116 661 3172 elisimus
677 3118 763 3174 ante,

77 3182 141 3301 1l30c
157 3188 244 3244 animi
264 3192 388 3255 demum
405 3198 485 3256 ratio
505 3197 684 3253 discernere
704 3184 812 3243 ddisti
