2040 3426
81 114 138 171 134
497 106 524 161 V

77 215 212 284 significat
231 215 341 281 Pontos,
358 228 435 266 mare
451 214 527 266 certo
545 211 619 280 quod
636 211 698 264 fluit
715 215 793 266 aesta

77 309 162 344 unum
180 290 290 344 labendi
308 305 470 344 conservans
488 305 574 357 usquo
593 291 722 344 tenorenr.

113 366 295 453 [llotibusas
296 370 401 419 trorum
419 381 489 418 nune
508 380 579 493 quae
596 364 633 417 sit
650 380 731 418 causa
748 356 907 421 canamus*
947 408 952 417 .

77 441 210 510 principie
228 458 343 508 magnus
361 440 468 494 caeli
447 458 469 493 sr
487 443 559 493 55551
561 443 607 493 555
625 439 706 508 orbis,
892 457 929 498 51⁰

77 534 111 570 ex
129 518 247 585 utraque
264 517 357 586 polum
375 517 447 586 parti
465 531 590 584 premere
608 532 673 570 aera
690 516 769 570 nobis

77 592 224 647 dicendum
242 597 286 647 555
303 596 436 661 extraque
454 595 550 646 tenere
568 595 597 646 et
615 592 743 647 claudere
760 593 916 661 utrimque;

75 668 139 723 inde
158 669 240 722 alium
259 686 341 738 supra
358 669 444 722 fluere
462 671 546 736 atque
564 668 708 722 intendere
726 669 823 722 eodem

77 761 130 812 qno
147 744 280 799 volvenda
298 746 400 799 micant
418 744 524 798 aeterni
543 744 635 797 sidera
647 745 762 809 mundi;

76 820 223 874 antulium
243 824 345 888 supter,
365 823 459 874 contra
477 819 524 888 qui
543 819 678 874 subvehat
696 821 798 888 orbern,
892 836 928 874 515

75 896 348 950 5511551555555555
366 899 441 948 rotas
459 899 542 963 atque
559 895 673 950 haustra
691 897 822 950 videmus.

76 974 119 1026 est
137 972 220 1025 etiarn
239 989 346 1040 queque
365 973 405 1025 uti
422 971 509 1039 pessit
526 972 630 1026 eaelum
649 989 729 1026 ornae
747 989 857 1026 manere
896 1031 899 1037 ⁴

74 1047 102 1100 in
121 1048 246 1114 statione,
264 1053 356 1101 tarnen
374 1064 435 1100 cunr
454 1046 544 1100 lueida
560 1047 637 1114 signa
650 1049 790 1114 lerantnr3

76 1123 132 1177 5155
151 1123 225 1191 quod
242 1123 338 1176 inclusi
357 1122 446 1190 rapidi
466 1125 530 1176 sunt
547 1123 667 1176 aetheris
685 1127 779 1178 aestus

76 1203 292 1268 quaerentesque
310 1199 381 1252 viana
400 1199 501 1252 eircnnr
520 1204 664 1253 versantur
681 1203 711 1253 et
728 1201 805 1267 ignes
891 1215 928 1253 sao

75 1276 176 1343 passini
193 1292 243 1343 per
261 1275 329 1329 55511
348 1275 458 1329 volvunt
475 1275 603 1328 immania
620 1276 738 1344 templa;

76 1351 132 1404 5155
150 1351 259 1405 aliunde
276 1352 364 1406 fluens
381 1351 508 1405 alicunde
526 1351 694 1404 extrinsecus
713 1368 761 1404 aer

75 1431 168 1481 versat
185 1444 268 1495 agens
285 1428 370 1495 ignris;
388 1429 444 1480 sive
461 1427 513 1495 ipsi
531 1443 642 1494 serpere
660 1431 773 1494 possunt

75 1519 129 1571 quo
147 1504 277 1572 cuiusque
295 1504 371 1557 cibus
388 1506 469 1557 55555
486 1506 569 1570 55555
587 1503 685 1556 1551555
704 1504 802 1568 555515,

75 1579 200 1632 flammea
216 1597 267 1647 per
285 1580 389 1632 caelum
407 1578 544 1647 pascentis
561 1595 675 1646 corpora
692 1579 799 1646 passirn.
888 1595 926 1634 555

74 1671 136 1707 narn
155 1654 222 1722 quid
240 1655 272 1708 in·
287 1655 337 1708 hoe
355 1655 457 1708 mundo
475 1655 512 1708 sit
529 1671 623 1708 eerunr
640 1671 742 1722 ponere
760 1658 866 1708 certum

75 1730 184 1784 difficile
202 1733 259 1797 est;
276 1730 326 1784 sed
345 1730 412 1798 quid
429 1731 516 1798 possit
533 1731 636 1798 fiatque
654 1748 704 1799 per
721 1748 801 1785 omne

74 1806 102 1858 in
121 1806 202 1859 variis
220 1807 329 1860 nrundis
346 1806 421 1860 varia
439 1806 546 1860 ratione
564 1807 671 1873 creatis,

74 1881 105 1935 id
123 1882 208 1936 doceo
226 1882 366 1951 plurisque
385 1898 485 1950 sequor
503 1882 648 1951 disponere
666 1899 768 1950 causas,

74 1959 194 2012 motibus
212 1962 348 2013 astrorum
366 1975 436 2026 quae
453 1958 559 2026 possint
577 1975 637 2012 esse
655 1975 706 2026 per
724 1975 819 2023 omnc;
888 1974 926 2013 555

74 2051 90 2088 5
102 2035 201 2102 quibus
212 2051 267 2088 una
279 2038 372 2088 tamen
385 2035 421 2088 sit
432 2034 460 2087 15
472 2034 523 2087 hoc
535 2050 643 2102 quoquc
655 2051 736 2088 eausa
748 2038 886 2090 necessest

74 2127 145 2177 quae
163 2113 261 2178 vegeat
279 2105 383 2178 rnatum
401 2111 499 2178 signis3
517 2111 566 2163 sed
585 2126 655 2178 quae
673 2110 709 2163 sit
727 2127 820 2163 earum

73 2187 231 2254 praecipere
248 2186 480 2255 lrautquaquamst
497 2186 677 2254 pedetemtinr
695 2185 914 2254 progredientis]

108 2263 247 2331 Terraque
264 2267 296 2316 55
313 2263 341 2315 15
358 2261 449 2325 media
466 2262 561 2315 mundi
579 2261 689 2328 regione
708 2262 839 2329 quiescat,

73 2355 234 2393 evanescere
251 2338 383 2406 paulatim
402 2342 431 2392 55
449 2338 608 2392 decrescere
626 2338 733 2405 pondus
887 2352 925 2390 555

72 2416 206 2482 55555515,
224 2417 308 2481 55555
326 2413 407 2467 aliam
424 2417 550 2467 naturam
569 2417 664 2482 supter
682 2413 784 2466 habere

72 2506 106 2543 ex
124 2491 235 2544 ineunte
253 2505 319 2542 aevo
337 2490 506 2543 coniunctam
525 2493 607 2557 atque
624 2490 716 2543 uniter
732 2491 826 2557 aptam

72 2566 196 2634 partibus
214 2565 294 2618 aeriis
312 2564 407 2618 mnndi
425 2565 525 2652 quibus
542 2565 625 2619 insita
642 2566 717 2618 51515.

72 2645 154 2712 55555
155 2658 219 2695 crea
236 2657 288 2694 non
306 2643 350 2695 555
368 2641 444 2695 oneri
462 2657 552 2709 neque
570 2641 702 2711 deprimit
720 2657 815 2705 anras;

72 2723 105 2773 nt
123 2735 171 2772 sua
188 2717 286 2786 cuique
303 2717 405 2771 homini
423 2718 497 2771 nullo
515 2721 579 2771 sunt
597 2717 718 2786 pendeo
736 2683 860 2770 51515155
887 2731 925 2770 sse

73 2811 123 2847 nee
140 2798 222 2883 caput
240 2785 376 2848 55555551
394 2793 531 2847 55115555
549 2794 714 2862 1155155555
699 2799 775 2847 otunr

73 2871 193 2937 corporis
210 2871 239 2923 15
257 2870 374 2939 pedibus
391 2870 498 2939 pondus
516 2870 673 2923 sentinrus
666 2886 771 2934 rncsse;

72 2947 102 2997 55
120 2962 305 3012 quaecumque
323 2946 389 2999 foris
406 2946 520 2999 veniunt
537 2947 700 3013 inpostaque
717 2946 796 2999 nobis
850 2978 852 2983 ·
872 2967 873 2970 ¹

55 3021 188 3082 pondera
205 3026 273 3076 sunt
261 3022 414 3090 tlaedunt
432 3022 569 3092 permulto
588 3038 669 3090 55555
688 3023 797 3075 minora

42 3100 137 3156 usqne
154 3095 230 3149 adeo
249 3101 348 3168 magni
366 3100 458 3156 refert
446 3100 549 3172 tquirl
568 3113 698 3170 quaeque
714 3100 866 3150 55555555
893 3113 934 3149 us

20 3159 184 3227 51551555
201 3172 292 3228 tellus
312 3194 372 3232 non
394 3184 443 3236 555
431 3179 562 3236 taliena
579 3177 704 3246 repente
