2040 3426
101 125 140 185 78
496 117 552 179 III

100 225 250 297 particulae
267 223 366 293 quibus
382 221 450 278 haec
467 224 551 278 animi
568 226 668 280 natura
684 226 804 293 creatur,

100 319 171 372 quae
188 300 305 354 nuncin
321 302 415 354 nestro
434 299 591 355 dominatur
608 317 722 371 corpere
738 306 808 357 nata

100 395 135 432 ex
153 378 201 431 illa
217 393 289 445 quae
308 379 368 430 tum
385 376 469 444 periit
485 377 588 445 partita
604 393 656 446 per
673 381 758 433 amus.
921 395 960 438 no

100 457 267 523 quapropter
284 468 374 520 neque
392 451 476 504 natali
492 452 602 519 privata
620 452 730 506 videtur

99 545 160 583 esse
178 529 223 582 alie
240 532 339 581 natura
356 528 462 580 animae
479 524 534 580 nee
547 527 651 581 funeris
668 545 774 598 expers.

137 605 245 660 Semina
261 607 406 672 praeterea
423 603 582 670 linquontur
599 620 686 658 necne
703 603 804 658 animai

99 698 212 750 corpere
229 680 257 733 in
276 679 416 733 exanimet
434 679 509 748 quod
527 679 551 732 si
568 679 708 735 lincuntur
725 683 755 735 et
771 681 873 748 insunt,

100 757 167 810 haut
184 757 238 811 erit
254 760 287 810 ut
304 755 403 808 merite
421 754 573 808 inmortalis
587 756 676 824 possit
694 756 800 825 haberi,
920 772 957 815 πε

98 832 222 901 portibus
240 832 346 885 amissis
364 832 492 899 quoniam
509 830 595 884 libata
612 832 734 887 recessit

99 908 141 961 sin
158 909 198 963 ita
215 907 327 961 sinceris
344 906 473 960 membris
491 906 584 960 ablata
600 908 723 976 profugit

99 987 130 1037 nt
147 984 235 1037 nullas
252 983 339 1051 partis
356 982 385 1035 in
403 998 515 1050 corpore
532 982 644 1052 liquerit
661 1001 697 1038 ex
715 1001 752 1053 se,
802 1012 806 1017 ·

98 1059 172 1113 urnis
189 1058 322 1112 cadavera
338 1058 462 1111 rancenti
479 1059 533 1111 iam
551 1060 655 1114 viscere
672 1076 780 1115 vermes

98 1135 224 1204 expirant
241 1137 325 1202 atquc
342 1133 417 1186 unde
434 1134 603 1189 animantum
620 1136 697 1204 eopia
714 1138 793 1190 tauta
918 1149 956 1192 mo

99 1227 164 1264 exos
181 1215 210 1263 et
228 1209 359 1277 exanguis
378 1209 499 1262 tumidos
515 1210 684 1278 perfluctuat
700 1214 794 1266 artusl

99 1286 172 1354 quod
190 1286 212 1339 si
230 1287 301 1340 ferte
320 1286 424 1339 animus
442 1286 611 1340 extrinsecus
628 1287 759 1341 insinuari

99 1362 235 1416 vermibus
252 1366 282 1416 et
298 1362 390 1432 privas
406 1362 434 1416 in
452 1377 567 1430 comum
583 1378 664 1432 posse
681 1364 774 1417 venire
786 1367 799 1381 ‘

98 1439 187 1493 eredis
204 1456 254 1494 uec
271 1443 383 1508 reputas
400 1455 449 1493 eur
466 1438 542 1491 milia
558 1439 647 1492 multa
664 1439 814 1493 animarum

98 1515 258 1568 conveniant
276 1516 349 1568 unde
366 1531 421 1568 una
438 1514 590 1582 recesserit,
607 1513 659 1568 hoo
676 1518 769 1568 tamen
787 1518 830 1569 est
848 1519 882 1570 ut
916 1528 954 1572 ne

99 1590 284 1658 quaerendum
302 1590 429 1643 videatur
445 1592 475 1642 et
492 1589 520 1641 in
538 1589 684 1644 discrimen
701 1591 845 1658 agendum,

97 1669 189 1720 utmm
206 1665 318 1719 tandem
336 1665 442 1718 animae
459 1668 593 1719 venentur
611 1667 716 1721 semina
732 1683 857 1737 quaeque

97 1741 304 1794 vermiculorum
322 1741 452 1808 ipsaeque
470 1739 522 1793 sibi
539 1741 707 1797 fabricentur
723 1742 770 1797 ubi
788 1743 852 1811 sint,

97 1832 132 1869 an
150 1816 227 1885 quasi
244 1816 401 1882 corporibus
418 1817 546 1885 perfectis
563 1818 741 1874 insinuentur.

96 1897 126 1946 at
143 1909 233 1960 neque
250 1908 299 1945 cur
316 1893 417 1947 iaciunt
434 1893 510 1962 ipsae
528 1910 647 1961 quareve
663 1893 789 1949 laborent
914 1910 953 1952 ⁷³⁰

97 1969 187 2022 dicere
206 1969 369 2038 suppeditat.
387 1986 476 2038 neque
494 1970 574 2037 enim,
593 1970 651 2023 sine
668 1987 782 2039 corpore
796 1987 859 2026 cum
876 1976 951 2040 sunt,

97 2044 228 2099 sollicitae
246 2045 361 2099 volitant
379 2046 481 2099 morbis
499 2047 616 2113 alguque
634 2046 766 2115 fameque.

96 2137 193 2190 eorpus
211 2121 284 2176 enim
301 2122 389 2190 magis
406 2122 449 2176 his
467 2122 541 2177 vitiis
559 2121 649 2176 adfine
667 2122 774 2176 laborat

96 2202 125 2252 ct
143 2199 215 2253 mula
231 2198 318 2253 multa
335 2199 441 2252 animus
458 2202 573 2267 contage
590 2198 713 2266 fungitur
731 2200 795 2253 eius.

95 2274 145 2328 sed
163 2278 254 2329 tamen
271 2275 314 2328 his
332 2279 392 2329 este
409 2275 532 2344 quamvis
549 2276 639 2329 faeere
656 2276 724 2329 utile
741 2291 839 2343 eorpus
912 2289 950 2332 7³5

96 2349 170 2417 quod
188 2351 319 2417 subeaut;
336 2354 366 2405 at
383 2369 437 2420 qua
454 2352 559 2422 possint
576 2352 619 2405 via
635 2351 710 2404 nullu
727 2351 843 2404 videtur.

95 2426 162 2479 haut
179 2427 265 2493 igitur
282 2427 386 2480 faciunt
403 2429 509 2480 annuae
528 2429 579 2481 sibi
596 2444 710 2496 corpora
728 2432 757 2481 et
774 2431 857 2480 artus.

96 2517 145 2554 nec
161 2504 254 2554 tamen
273 2503 316 2554 est
334 2502 447 2569 quidum
466 2504 593 2571 perlectis
610 2503 781 2557 insinuentur

94 2576 268 2646 corporibus;
285 2593 375 2646 neque
394 2579 466 2631 enim
484 2583 616 2649 poterunt
633 2580 772 2648 suptiliter
789 2595 850 2634 esse

94 2671 213 2708 conexae
230 2670 320 2722 neque
337 2670 483 2710 censensus
501 2658 626 2724 contagia
643 2657 718 2710 flent.
910 2669 950 2712 rso

129 2731 257 2802 Denique
274 2748 321 2786 cur
339 2731 409 2786 aeris
426 2733 555 2788 violentia
572 2733 653 2788 triste
670 2733 779 2787 leonum

94 2809 236 2863 seminium
254 2808 386 2878 sequitur,
404 2809 498 2878 volpes
515 2809 602 2879 dolus,
620 2813 650 2864 et
666 2809 732 2877 iuga
750 2824 850 2875 cervos,

93 2903 110 2934 A
123 2902 241 2936 Parumne
255 2903 338 2936 DATUB
350 2903 380 2937 m·
389 2905 406 2937 A
416 2903 517 2937 Paculus
529 2895 610 2937 ravon
623 2903 722 2937 metuar
735 2902 813 2935 ARTUB

94 2965 123 3015 et
140 2962 195 3016 iam
212 2967 305 3018 cetera
322 2963 358 3018 de
374 2980 476 3032 genere
493 2965 544 3020 hoe
562 2981 611 3019 cur
628 2963 719 3019 omnia
735 2961 865 3017 membris

93 3053 128 3090 ex
145 3038 257 3092 ineunte
274 3054 342 3093 aevo
358 3045 541 3109 generascunt
558 3040 729 3110 ingenioque,
909 3052 947 3094 vas

76 3112 109 3164 si
118 3130 182 3178 non,
202 3120 281 3171 certa
298 3134 352 3173 sue
370 3117 439 3190 quia
456 3118 564 3174 semine
582 3115 757 3181 seminioque

62 3187 105 3240 vr‘s
117 3192 210 3246 carmi
224 3195 344 3263 pariter·
359 3197 469 3254 crescit
487 3212 557 3252 eum
575 3203 699 3261 corpere
713 3184 797 3240 tutet
