<?xml version="1.0" encoding="UTF-8"?>
<!DOCTYPE html PUBLIC "-//W3C//DTD XHTML 1.0 Transitional//EN"
    "http://www.w3.org/TR/xhtml1/DTD/xhtml1-transitional.dtd">
<html xmlns="http://www.w3.org/1999/xhtml" xml:lang="en" lang="en">
 <head>
  <title>
</title>
<meta http-equiv="Content-Type" content="text/html;charset=utf-8" />
  <meta name='ocr-system' content='tesseract 3.04.00' />
  <meta name='ocr-capabilities' content='ocr_page ocr_carea ocr_par ocr_line ocrx_word'/>
</head>
<body>
  <div class='ocr_page' id='page_1' title='image "./dererumnaturali08carugoog/dererumnaturali08carugoog_0228.png"; bbox 0 0 2040 3426; ppageno 0'>
   <div class='ocr_carea' id='block_1_1' title="bbox 62 224 960 3198">
    <p class='ocr_par' dir='ltr' id='par_1_1' title="bbox 62 224 960 3198">
     <span class='ocr_line' id='line_1_1' title="bbox 107 224 958 306; baseline 0.006 -27"><span class='ocrx_word' id='word_1_1' title='bbox 107 224 158 280; x_wconf 93' lang='lat' dir='ltr'>hoe</span> <span class='ocrx_word' id='word_1_2' title='bbox 174 225 259 294; x_wconf 82' lang='lat' dir='ltr'>igitur</span> <span class='ocrx_word' id='word_1_3' title='bbox 276 227 337 281; x_wconf 87' lang='lat' dir='ltr'>fieri</span> <span class='ocrx_word' id='word_1_4' title='bbox 354 244 464 298; x_wconf 89' lang='lat' dir='ltr'>quoque</span> <span class='ocrx_word' id='word_1_5' title='bbox 481 227 572 281; x_wconf 86' lang='lat' dir='ltr'>inille</span> <span class='ocrx_word' id='word_1_6' title='bbox 588 229 666 282; x_wconf 85' lang='lat' dir='ltr'>fonte</span> <span class='ocrx_word' id='word_1_7' title='bbox 682 229 870 299; x_wconf 76' lang='lat' dir='ltr'><strong>putandumst.</strong></span> <span class='ocrx_word' id='word_1_8' title='bbox 922 245 958 306; x_wconf 76' lang='lat' dir='ltr'>scs</span> 
     </span>
     <span class='ocr_line' id='line_1_2' title="bbox 142 305 888 374; baseline 0.007 -15"><span class='ocrx_word' id='word_1_9' title='bbox 142 305 224 369; x_wconf 79' lang='lat' dir='ltr'>Quod</span> <span class='ocrx_word' id='word_1_10' title='bbox 241 310 380 374; x_wconf 51' lang='lat' dir='ltr'>superest*</span> <span class='ocrx_word' id='word_1_11' title='bbox 393 322 476 374; x_wconf 86' lang='lat' dir='ltr'>agere</span> <span class='ocrx_word' id='word_1_12' title='bbox 491 305 618 373; x_wconf 88' lang='lat' dir='ltr'>incipiam</span> <span class='ocrx_word' id='word_1_13' title='bbox 636 323 690 374; x_wconf 88' lang='lat' dir='ltr'>quo</span> <span class='ocrx_word' id='word_1_14' title='bbox 707 307 820 363; x_wconf 83' lang='lat' dir='ltr'>foedere</span> <span class='ocrx_word' id='word_1_15' title='bbox 838 309 888 364; x_wconf 88' lang='lat' dir='ltr'>fiat</span> 
     </span>
     <span class='ocr_line' id='line_1_3' title="bbox 106 381 777 452; baseline 0.001 -16"><span class='ocrx_word' id='word_1_16' title='bbox 106 384 228 448; x_wconf 87' lang='lat' dir='ltr'>naturae,</span> <span class='ocrx_word' id='word_1_17' title='bbox 245 382 315 451; x_wconf 89' lang='lat' dir='ltr'>lapis</span> <span class='ocrx_word' id='word_1_18' title='bbox 333 381 378 436; x_wconf 88' lang='lat' dir='ltr'>hic</span> <span class='ocrx_word' id='word_1_19' title='bbox 394 386 428 436; x_wconf 90' lang='lat' dir='ltr'>ut</span> <span class='ocrx_word' id='word_1_20' title='bbox 443 383 548 436; x_wconf 80' lang='lat' dir='ltr'>sermm</span> <span class='ocrx_word' id='word_1_21' title='bbox 565 382 666 436; x_wconf 89' lang='lat' dir='ltr'>ducere</span> <span class='ocrx_word' id='word_1_22' title='bbox 683 384 777 452; x_wconf 82' lang='lat' dir='ltr'>possit,</span> 
     </span>
     <span class='ocr_line' id='line_1_4' title="bbox 107 459 831 528; baseline 0.001 -16"><span class='ocrx_word' id='word_1_23' title='bbox 107 475 189 527; x_wconf 92' lang='lat' dir='ltr'>quem</span> <span class='ocrx_word' id='word_1_24' title='bbox 207 459 340 526; x_wconf 80' lang='lat' dir='ltr'>Magneta</span> <span class='ocrx_word' id='word_1_25' title='bbox 356 461 454 514; x_wconf 88' lang='lat' dir='ltr'>vocant</span> <span class='ocrx_word' id='word_1_26' title='bbox 470 459 560 528; x_wconf 84' lang='lat' dir='ltr'>patrio</span> <span class='ocrx_word' id='word_1_27' title='bbox 579 459 615 512; x_wconf 90' lang='lat' dir='ltr'>de</span> <span class='ocrx_word' id='word_1_28' title='bbox 632 460 740 513; x_wconf 90' lang='lat' dir='ltr'>nomine</span> <span class='ocrx_word' id='word_1_29' title='bbox 757 461 831 528; x_wconf 86' lang='lat' dir='ltr'>Grai,</span> 
     </span>
     <span class='ocr_line' id='line_1_5' title="bbox 107 533 782 605; baseline 0.003 -17"><span class='ocrx_word' id='word_1_30' title='bbox 107 533 270 602; x_wconf 83' lang='lat' dir='ltr'>Magnetum</span> <span class='ocrx_word' id='word_1_31' title='bbox 287 535 351 604; x_wconf 92' lang='lat' dir='ltr'>quia</span> <span class='ocrx_word' id='word_1_32' title='bbox 369 535 402 590; x_wconf 89' lang='lat' dir='ltr'>fit</span> <span class='ocrx_word' id='word_1_33' title='bbox 418 537 515 605; x_wconf 81' lang='lat' dir='ltr'>patriis</span> <span class='ocrx_word' id='word_1_34' title='bbox 533 536 561 588; x_wconf 93' lang='lat' dir='ltr'>in</span> <span class='ocrx_word' id='word_1_35' title='bbox 579 535 680 589; x_wconf 89' lang='lat' dir='ltr'>finibus</span> <span class='ocrx_word' id='word_1_36' title='bbox 697 539 782 590; x_wconf 86' lang='lat' dir='ltr'>ortus.</span> 
     </span>
     <span class='ocr_line' id='line_1_6' title="bbox 105 610 958 681; baseline 0 -18"><span class='ocrx_word' id='word_1_37' title='bbox 105 610 179 665; x_wconf 86' lang='lat' dir='ltr'>hune</span> <span class='ocrx_word' id='word_1_38' title='bbox 189 610 312 665; x_wconf 87' lang='lat' dir='ltr'>homines</span> <span class='ocrx_word' id='word_1_39' title='bbox 324 611 443 680; x_wconf 84' lang='lat' dir='ltr'>lapidem</span> <span class='ocrx_word' id='word_1_40' title='bbox 455 613 603 676; x_wconf 90' lang='lat' dir='ltr'>mirantur;</span> <span class='ocrx_word' id='word_1_41' title='bbox 623 612 726 681; x_wconf 88' lang='lat' dir='ltr'>quippe</span> <span class='ocrx_word' id='word_1_42' title='bbox 738 615 862 666; x_wconf 87' lang='lat' dir='ltr'>catenam</span> <span class='ocrx_word' id='word_1_43' title='bbox 921 628 958 666; x_wconf 84' lang='lat' dir='ltr'>mu</span> 
     </span>
     <span class='ocr_line' id='line_1_7' title="bbox 107 687 771 756; baseline 0.002 -15"><span class='ocrx_word' id='word_1_44' title='bbox 107 703 190 756; x_wconf 80' lang='lat' dir='ltr'>saepe</span> <span class='ocrx_word' id='word_1_45' title='bbox 208 703 243 740; x_wconf 78' lang='lat' dir='ltr'>ex</span> <span class='ocrx_word' id='word_1_46' title='bbox 260 688 354 742; x_wconf 87' lang='lat' dir='ltr'>anellis</span> <span class='ocrx_word' id='word_1_47' title='bbox 371 687 465 741; x_wconf 80' lang='lat' dir='ltr'>reddit</span> <span class='ocrx_word' id='word_1_48' title='bbox 481 688 664 756; x_wconf 81' lang='lat' dir='ltr'>pendentibus</span> <span class='ocrx_word' id='word_1_49' title='bbox 681 705 716 741; x_wconf 88' lang='lat' dir='ltr'>ex</span> <span class='ocrx_word' id='word_1_50' title='bbox 734 702 771 742; x_wconf 85' lang='lat' dir='ltr'>sa.</span> 
     </span>
     <span class='ocr_line' id='line_1_8' title="bbox 68 758 863 833; baseline 0.003 -17"><span class='ocrx_word' id='word_1_51' title='bbox 68 758 69 762; x_wconf 69' lang='grc'>’</span> <span class='ocrx_word' id='word_1_52' title='bbox 107 764 228 832; x_wconf 89' lang='lat' dir='ltr'>quinque</span> <span class='ocrx_word' id='word_1_53' title='bbox 245 764 347 817; x_wconf 86' lang='lat' dir='ltr'>etenim</span> <span class='ocrx_word' id='word_1_54' title='bbox 364 764 430 817; x_wconf 88' lang='lat' dir='ltr'>licet</span> <span class='ocrx_word' id='word_1_55' title='bbox 447 763 586 818; x_wconf 89' lang='lat' dir='ltr'>interdum</span> <span class='ocrx_word' id='word_1_56' title='bbox 604 765 752 833; x_wconf 80' lang='lat' dir='ltr'>pluresque</span> <span class='ocrx_word' id='word_1_57' title='bbox 769 763 863 818; x_wconf 89' lang='lat' dir='ltr'>videre</span> 
     </span>
     <span class='ocr_line' id='line_1_9' title="bbox 107 839 720 907; baseline 0 -15"><span class='ocrx_word' id='word_1_58' title='bbox 107 839 204 893; x_wconf 89' lang='lat' dir='ltr'>ordine</span> <span class='ocrx_word' id='word_1_59' title='bbox 223 840 355 894; x_wconf 88' lang='lat' dir='ltr'>demissos</span> <span class='ocrx_word' id='word_1_60' title='bbox 372 839 478 894; x_wconf 82' lang='lat' dir='ltr'>levibus</span> <span class='ocrx_word' id='word_1_61' title='bbox 494 840 623 893; x_wconf 84' lang='lat' dir='ltr'>iactarier</span> <span class='ocrx_word' id='word_1_62' title='bbox 639 840 720 907; x_wconf 78' lang='lat' dir='ltr'>auris,</span> 
     </span>
     <span class='ocr_line' id='line_1_10' title="bbox 107 915 804 985; baseline 0.001 -17"><span class='ocrx_word' id='word_1_63' title='bbox 107 930 177 969; x_wconf 91' lang='lat' dir='ltr'>uuus</span> <span class='ocrx_word' id='word_1_64' title='bbox 194 915 242 969; x_wconf 92' lang='lat' dir='ltr'>ubi</span> <span class='ocrx_word' id='word_1_65' title='bbox 259 932 294 970; x_wconf 90' lang='lat' dir='ltr'>ex</span> <span class='ocrx_word' id='word_1_66' title='bbox 312 932 365 970; x_wconf 92' lang='lat' dir='ltr'>uuo</span> <span class='ocrx_word' id='word_1_67' title='bbox 383 916 522 985; x_wconf 88' lang='lat' dir='ltr'>dependet</span> <span class='ocrx_word' id='word_1_68' title='bbox 540 921 636 985; x_wconf 82' lang='lat' dir='ltr'>supter</span> <span class='ocrx_word' id='word_1_69' title='bbox 652 915 804 970; x_wconf 85' lang='lat' dir='ltr'>adhaerens</span> 
     </span>
     <span class='ocr_line' id='line_1_11' title="bbox 107 992 957 1062; baseline -0.004 -17"><span class='ocrx_word' id='word_1_70' title='bbox 107 1008 142 1045; x_wconf 84' lang='lat' dir='ltr'>ex</span> <span class='ocrx_word' id='word_1_71' title='bbox 159 992 266 1060; x_wconf 89' lang='lat' dir='ltr'>alioque</span> <span class='ocrx_word' id='word_1_72' title='bbox 284 993 354 1046; x_wconf 85' lang='lat' dir='ltr'>alius</span> <span class='ocrx_word' id='word_1_73' title='bbox 370 992 471 1061; x_wconf 88' lang='lat' dir='ltr'>lapidis</span> <span class='ocrx_word' id='word_1_74' title='bbox 487 992 543 1047; x_wconf 78' lang='lat' dir='ltr'>vim</span> <span class='ocrx_word' id='word_1_75' title='bbox 560 993 704 1062; x_wconf 84' lang='lat' dir='ltr'>vinclaque</span> <span class='ocrx_word' id='word_1_76' title='bbox 721 992 823 1048; x_wconf 89' lang='lat' dir='ltr'>noscit:</span> <span class='ocrx_word' id='word_1_77' title='bbox 873 1041 876 1046; x_wconf 94' lang='lat'>.</span> <span class='ocrx_word' id='word_1_78' title='bbox 921 1008 957 1046; x_wconf 71' lang='lat' dir='ltr'>uir.</span> 
     </span>
     <span class='ocr_line' id='line_1_12' title="bbox 106 1069 771 1138; baseline 0.006 -19"><span class='ocrx_word' id='word_1_79' title='bbox 106 1084 192 1136; x_wconf 90' lang='lat' dir='ltr'>usque</span> <span class='ocrx_word' id='word_1_80' title='bbox 210 1069 278 1122; x_wconf 87' lang='lat' dir='ltr'>adeo</span> <span class='ocrx_word' id='word_1_81' title='bbox 296 1073 488 1136; x_wconf 86' lang='lat' dir='ltr'>permananter</span> <span class='ocrx_word' id='word_1_82' title='bbox 505 1069 546 1124; x_wconf 86' lang='lat' dir='ltr'>vis</span> <span class='ocrx_word' id='word_1_83' title='bbox 563 1069 688 1138; x_wconf 84' lang='lat' dir='ltr'>pervolat</span> <span class='ocrx_word' id='word_1_84' title='bbox 704 1069 771 1123; x_wconf 90' lang='lat' dir='ltr'>eius.</span> 
     </span>
     <span class='ocr_line' id='line_1_13' title="bbox 144 1145 916 1214; baseline 0.003 -17"><span class='ocrx_word' id='word_1_85' title='bbox 144 1145 205 1198; x_wconf 88' lang='lat' dir='ltr'>Hoc</span> <span class='ocrx_word' id='word_1_86' title='bbox 216 1161 303 1212; x_wconf 78' lang='lat' dir='ltr'>genus</span> <span class='ocrx_word' id='word_1_87' title='bbox 314 1146 343 1197; x_wconf 90' lang='lat' dir='ltr'>in</span> <span class='ocrx_word' id='word_1_88' title='bbox 354 1147 437 1198; x_wconf 89' lang='lat' dir='ltr'>rebus</span> <span class='ocrx_word' id='word_1_89' title='bbox 446 1146 638 1200; x_wconf 81' lang='lat' dir='ltr'>finnandumst</span> <span class='ocrx_word' id='word_1_90' title='bbox 649 1145 735 1200; x_wconf 89' lang='lat' dir='ltr'>multa</span> <span class='ocrx_word' id='word_1_91' title='bbox 746 1145 822 1214; x_wconf 82' lang='lat' dir='ltr'>prius</span> <span class='ocrx_word' id='word_1_92' title='bbox 834 1161 916 1214; x_wconf 90' lang='lat' dir='ltr'>quam</span> 
     </span>
     <span class='ocr_line' id='line_1_14' title="bbox 106 1221 648 1289; baseline 0 -17"><span class='ocrx_word' id='word_1_93' title='bbox 106 1221 191 1288; x_wconf 89' lang='lat' dir='ltr'>ipsius</span> <span class='ocrx_word' id='word_1_94' title='bbox 208 1221 249 1273; x_wconf 91' lang='lat' dir='ltr'>rei</span> <span class='ocrx_word' id='word_1_95' title='bbox 266 1221 400 1275; x_wconf 87' lang='lat' dir='ltr'>rationem</span> <span class='ocrx_word' id='word_1_96' title='bbox 417 1221 536 1274; x_wconf 89' lang='lat' dir='ltr'>reddere</span> <span class='ocrx_word' id='word_1_97' title='bbox 553 1221 648 1289; x_wconf 84' lang='lat' dir='ltr'>possis,</span> 
     </span>
     <span class='ocr_line' id='line_1_15' title="bbox 107 1292 797 1364; baseline 0.003 -15"><span class='ocrx_word' id='word_1_98' title='bbox 107 1300 137 1350; x_wconf 90' lang='lat' dir='ltr'>ct</span> <span class='ocrx_word' id='word_1_99' title='bbox 154 1297 268 1349; x_wconf 89' lang='lat' dir='ltr'>nimium</span> <span class='ocrx_word' id='word_1_100' title='bbox 285 1292 373 1364; x_wconf 76' lang='lat' dir='ltr'>longis</span> <span class='ocrx_word' id='word_1_101' title='bbox 390 1296 549 1364; x_wconf 82' lang='lat' dir='ltr'>anrbagibus</span> <span class='ocrx_word' id='word_1_102' title='bbox 567 1300 610 1351; x_wconf 88' lang='lat' dir='ltr'>est</span> <span class='ocrx_word' id='word_1_103' title='bbox 627 1297 797 1362; x_wconf 66' lang='lat' dir='ltr'>adeundum</span> 
     </span>
     <span class='ocr_line' id='line_1_16' title="bbox 107 1372 957 1442; baseline -0.001 -17"><span class='ocrx_word' id='word_1_104' title='bbox 107 1389 161 1442; x_wconf 85' lang='lat' dir='ltr'>quo</span> <span class='ocrx_word' id='word_1_105' title='bbox 179 1374 266 1440; x_wconf 83' lang='lat' dir='ltr'>magis</span> <span class='ocrx_word' id='word_1_106' title='bbox 284 1375 406 1426; x_wconf 89' lang='lat' dir='ltr'>attentas</span> <span class='ocrx_word' id='word_1_107' title='bbox 423 1373 497 1426; x_wconf 88' lang='lat' dir='ltr'>auris</span> <span class='ocrx_word' id='word_1_108' title='bbox 514 1372 688 1441; x_wconf 88' lang='lat' dir='ltr'>animumque</span> <span class='ocrx_word' id='word_1_109' title='bbox 705 1390 826 1442; x_wconf 84' lang='lat' dir='ltr'>reposco.</span> <span class='ocrx_word' id='word_1_110' title='bbox 921 1389 957 1425; x_wconf 76' lang='lat' dir='ltr'>aar</span> 
     </span>
     <span class='ocr_line' id='line_1_17' title="bbox 145 1448 939 1518; baseline 0.001 -17"><span class='ocrx_word' id='word_1_111' title='bbox 145 1449 280 1518; x_wconf 90' lang='lat' dir='ltr'>Principio</span> <span class='ocrx_word' id='word_1_112' title='bbox 297 1448 423 1502; x_wconf 89' lang='lat' dir='ltr'>omnibus</span> <span class='ocrx_word' id='word_1_113' title='bbox 442 1449 477 1502; x_wconf 90' lang='lat' dir='ltr'>ab</span> <span class='ocrx_word' id='word_1_114' title='bbox 494 1449 584 1516; x_wconf 87' lang='lat' dir='ltr'>rebus,</span> <span class='ocrx_word' id='word_1_115' title='bbox 603 1465 789 1518; x_wconf 87' lang='lat' dir='ltr'>quascumque</span> <span class='ocrx_word' id='word_1_116' title='bbox 807 1449 939 1518; x_wconf 86' lang='lat' dir='ltr'>videmus,</span> 
     </span>
     <span class='ocr_line' id='line_1_18' title="bbox 106 1525 804 1594; baseline 0 -15"><span class='ocrx_word' id='word_1_117' title='bbox 106 1529 240 1594; x_wconf 88' lang='lat' dir='ltr'>perpetuo</span> <span class='ocrx_word' id='word_1_118' title='bbox 258 1525 343 1579; x_wconf 86' lang='lat' dir='ltr'>fluere</span> <span class='ocrx_word' id='word_1_119' title='bbox 361 1541 392 1579; x_wconf 89' lang='lat' dir='ltr'>ac</span> <span class='ocrx_word' id='word_1_120' title='bbox 409 1525 482 1579; x_wconf 85' lang='lat' dir='ltr'>mitti</span> <span class='ocrx_word' id='word_1_121' title='bbox 501 1525 648 1594; x_wconf 85' lang='lat' dir='ltr'>spargique</span> <span class='ocrx_word' id='word_1_122' title='bbox 664 1529 804 1579; x_wconf 85' lang='lat' dir='ltr'>necessest</span> 
     </span>
     <span class='ocr_line' id='line_1_19' title="bbox 107 1598 852 1676; baseline 0 -21"><span class='ocrx_word' id='word_1_123' title='bbox 107 1618 221 1676; x_wconf 84' lang='lat' dir='ltr'>corpcra</span> <span class='ocrx_word' id='word_1_124' title='bbox 238 1618 309 1671; x_wconf 89' lang='lat' dir='ltr'>quae</span> <span class='ocrx_word' id='word_1_125' title='bbox 324 1598 428 1656; x_wconf 85' lang='lat' dir='ltr'>feriant</span> <span class='ocrx_word' id='word_1_126' title='bbox 443 1602 534 1657; x_wconf 87' lang='lat' dir='ltr'>oeulos</span> <span class='ocrx_word' id='word_1_127' title='bbox 551 1601 693 1670; x_wconf 88' lang='lat' dir='ltr'>visumque</span> <span class='ocrx_word' id='word_1_128' title='bbox 710 1599 852 1656; x_wconf 74' lang='lat' dir='ltr'>lacessant.</span> 
     </span>
     <span class='ocr_line' id='line_1_20' title="bbox 106 1672 783 1747; baseline 0.001 -17"><span class='ocrx_word' id='word_1_129' title='bbox 106 1680 296 1747; x_wconf 85' lang='lat' dir='ltr'>perpetuoque</span> <span class='ocrx_word' id='word_1_130' title='bbox 313 1679 402 1732; x_wconf 86' lang='lat' dir='ltr'>fluunt</span> <span class='ocrx_word' id='word_1_131' title='bbox 413 1679 502 1733; x_wconf 80' lang='lat' dir='ltr'>&#39;certis</span> <span class='ocrx_word' id='word_1_132' title='bbox 514 1672 553 1731; x_wconf 79' lang='lat' dir='ltr'>&#39;ab</span> <span class='ocrx_word' id='word_1_133' title='bbox 569 1677 653 1732; x_wconf 91' lang='lat' dir='ltr'>rebus</span> <span class='ocrx_word' id='word_1_134' title='bbox 670 1679 783 1744; x_wconf 88' lang='lat' dir='ltr'>odores;</span> 
     </span>
     <span class='ocr_line' id='line_1_21' title="bbox 105 1751 958 1822; baseline 0.005 -16"><span class='ocrx_word' id='word_1_135' title='bbox 105 1753 191 1822; x_wconf 80' lang='lat' dir='ltr'>frigus</span> <span class='ocrx_word' id='word_1_136' title='bbox 208 1757 240 1808; x_wconf 88' lang='lat' dir='ltr'>ut</span> <span class='ocrx_word' id='word_1_137' title='bbox 257 1772 275 1808; x_wconf 82' lang='lat' dir='ltr'>a</span> <span class='ocrx_word' id='word_1_138' title='bbox 292 1751 397 1822; x_wconf 78' lang='lat' dir='ltr'>iiuuiis,¹</span> <span class='ocrx_word' id='word_1_139' title='bbox 407 1755 480 1810; x_wconf 86' lang='lat' dir='ltr'>calor</span> <span class='ocrx_word' id='word_1_140' title='bbox 497 1754 532 1809; x_wconf 90' lang='lat' dir='ltr'>ab</span> <span class='ocrx_word' id='word_1_141' title='bbox 550 1755 614 1821; x_wconf 84' lang='lat' dir='ltr'>sole,</span> <span class='ocrx_word' id='word_1_142' title='bbox 632 1760 725 1809; x_wconf 89' lang='lat' dir='ltr'>aestus</span> <span class='ocrx_word' id='word_1_143' title='bbox 742 1755 777 1808; x_wconf 88' lang='lat' dir='ltr'>ab</span> <span class='ocrx_word' id='word_1_144' title='bbox 794 1755 876 1809; x_wconf 88' lang='lat' dir='ltr'>undis</span> <span class='ocrx_word' id='word_1_145' title='bbox 921 1770 958 1810; x_wconf 81' lang='lat' dir='ltr'>sas</span> 
     </span>
     <span class='ocr_line' id='line_1_22' title="bbox 107 1831 753 1899; baseline 0.002 -16"><span class='ocrx_word' id='word_1_146' title='bbox 107 1832 232 1899; x_wconf 86' lang='lat' dir='ltr'>aequoris</span> <span class='ocrx_word' id='word_1_147' title='bbox 249 1848 347 1885; x_wconf 86' lang='lat' dir='ltr'>exesor</span> <span class='ocrx_word' id='word_1_148' title='bbox 364 1847 518 1886; x_wconf 85' lang='lat' dir='ltr'>moerorum</span> <span class='ocrx_word' id='word_1_149' title='bbox 535 1831 617 1884; x_wconf 75' lang='lat' dir='ltr'>litura</span> <span class='ocrx_word' id='word_1_150' title='bbox 633 1834 753 1899; x_wconf 85' lang='lat' dir='ltr'>propter.</span> 
     </span>
     <span class='ocr_line' id='line_1_23' title="bbox 107 1907 789 1973; baseline 0 -15"><span class='ocrx_word' id='word_1_151' title='bbox 107 1923 158 1961; x_wconf 86' lang='lat' dir='ltr'>nee</span> <span class='ocrx_word' id='word_1_152' title='bbox 174 1907 241 1959; x_wconf 82' lang='lat' dir='ltr'>varii</span> <span class='ocrx_word' id='word_1_153' title='bbox 258 1909 366 1960; x_wconf 86' lang='lat' dir='ltr'>cessant</span> <span class='ocrx_word' id='word_1_154' title='bbox 383 1908 488 1959; x_wconf 88' lang='lat' dir='ltr'>sonitus</span> <span class='ocrx_word' id='word_1_155' title='bbox 505 1922 617 1958; x_wconf 90' lang='lat' dir='ltr'>manare</span> <span class='ocrx_word' id='word_1_156' title='bbox 633 1922 684 1973; x_wconf 88' lang='lat' dir='ltr'>per</span> <span class='ocrx_word' id='word_1_157' title='bbox 701 1921 789 1958; x_wconf 87' lang='lat' dir='ltr'>auras.</span> 
     </span>
     <span class='ocr_line' id='line_1_24' title="bbox 108 1979 816 2049; baseline 0 -15"><span class='ocrx_word' id='word_1_158' title='bbox 108 1982 225 2049; x_wconf 88' lang='lat' dir='ltr'>denique</span> <span class='ocrx_word' id='word_1_159' title='bbox 242 1982 271 2034; x_wconf 93' lang='lat' dir='ltr'>in</span> <span class='ocrx_word' id='word_1_160' title='bbox 288 1998 319 2035; x_wconf 89' lang='lat' dir='ltr'>os</span> <span class='ocrx_word' id='word_1_161' title='bbox 329 1979 493 2034; x_wconf 69' lang='lat' dir='ltr'>&#39;salsivenit</span> <span class='ocrx_word' id='word_1_162' title='bbox 509 1996 588 2032; x_wconf 90' lang='lat' dir='ltr'>umor</span> <span class='ocrx_word' id='word_1_163' title='bbox 605 1995 687 2048; x_wconf 86' lang='lat' dir='ltr'>saepe</span> <span class='ocrx_word' id='word_1_164' title='bbox 705 1981 816 2048; x_wconf 84' lang='lat' dir='ltr'>saporis,</span> 
     </span>
     <span class='ocr_line' id='line_1_25' title="bbox 108 2051 831 2126; baseline -0.003 -14"><span class='ocrx_word' id='word_1_165' title='bbox 108 2076 169 2112; x_wconf 87' lang='lat' dir='ltr'>cum</span> <span class='ocrx_word' id='word_1_166' title='bbox 187 2075 263 2113; x_wconf 88' lang='lat' dir='ltr'>mare</span> <span class='ocrx_word' id='word_1_167' title='bbox 280 2073 421 2112; x_wconf 88' lang='lat' dir='ltr'>versamur</span> <span class='ocrx_word' id='word_1_168' title='bbox 437 2051 558 2126; x_wconf 85' lang='lat' dir='ltr'>propter,</span> <span class='ocrx_word' id='word_1_169' title='bbox 577 2056 718 2124; x_wconf 85' lang='lat' dir='ltr'>dilutaque</span> <span class='ocrx_word' id='word_1_170' title='bbox 735 2061 831 2110; x_wconf 85' lang='lat' dir='ltr'>contra</span> 
     </span>
     <span class='ocr_line' id='line_1_26' title="bbox 63 2132 958 2200; baseline 0.002 -15"><span class='ocrx_word' id='word_1_171' title='bbox 63 2153 96 2186; x_wconf 76' lang='lat' dir='ltr'>aa</span> <span class='ocrx_word' id='word_1_172' title='bbox 108 2153 170 2189; x_wconf 88' lang='lat' dir='ltr'>cum</span> <span class='ocrx_word' id='word_1_173' title='bbox 188 2135 291 2189; x_wconf 88' lang='lat' dir='ltr'>tuimur</span> <span class='ocrx_word' id='word_1_174' title='bbox 307 2132 415 2187; x_wconf 84' lang='lat' dir='ltr'>misceri</span> <span class='ocrx_word' id='word_1_175' title='bbox 432 2133 576 2200; x_wconf 83' lang='lat' dir='ltr'>absinthia,</span> <span class='ocrx_word' id='word_1_176' title='bbox 593 2133 683 2200; x_wconf 79' lang='lat' dir='ltr'>tangit</span> <span class='ocrx_word' id='word_1_177' title='bbox 701 2149 815 2185; x_wconf 88' lang='lat' dir='ltr'>amaror.</span> <span class='ocrx_word' id='word_1_178' title='bbox 921 2151 958 2187; x_wconf 75' lang='lat' dir='ltr'>are</span> 
     </span>
     <span class='ocr_line' id='line_1_27' title="bbox 107 2208 936 2280; baseline -0.002 -15"><span class='ocrx_word' id='word_1_179' title='bbox 107 2229 194 2280; x_wconf 87' lang='lat' dir='ltr'>usque</span> <span class='ocrx_word' id='word_1_180' title='bbox 211 2211 281 2265; x_wconf 90' lang='lat' dir='ltr'>adco</span> <span class='ocrx_word' id='word_1_181' title='bbox 298 2209 425 2263; x_wconf 88' lang='lat' dir='ltr'>omnibus</span> <span class='ocrx_word' id='word_1_182' title='bbox 441 2209 477 2262; x_wconf 88' lang='lat' dir='ltr'>ab</span> <span class='ocrx_word' id='word_1_183' title='bbox 495 2208 577 2262; x_wconf 89' lang='lat' dir='ltr'>rebus</span> <span class='ocrx_word' id='word_1_184' title='bbox 594 2225 639 2262; x_wconf 91' lang='lat' dir='ltr'>res</span> <span class='ocrx_word' id='word_1_185' title='bbox 655 2225 779 2277; x_wconf 77' lang='lat' dir='ltr'>quaeque</span> <span class='ocrx_word' id='word_1_186' title='bbox 796 2209 913 2264; x_wconf 83' lang='lat' dir='ltr'>fluenter</span> <span class='ocrx_word' id='word_1_187' title='bbox 932 2258 936 2263; x_wconf 92' lang='lat'>.</span> 
     </span>
     <span class='ocr_line' id='line_1_28' title="bbox 63 2284 825 2354; baseline -0.004 -13"><span class='ocrx_word' id='word_1_188' title='bbox 63 2299 95 2330; x_wconf 75' lang='lat'>⁹³⁰</span> <span class='ocrx_word' id='word_1_189' title='bbox 108 2289 196 2341; x_wconf 77' lang='lat' dir='ltr'>fertur</span> <span class='ocrx_word' id='word_1_190' title='bbox 213 2290 243 2342; x_wconf 90' lang='lat' dir='ltr'>et</span> <span class='ocrx_word' id='word_1_191' title='bbox 259 2288 287 2340; x_wconf 91' lang='lat' dir='ltr'>in</span> <span class='ocrx_word' id='word_1_192' title='bbox 304 2288 416 2339; x_wconf 87' lang='lat' dir='ltr'>cunctas</span> <span class='ocrx_word' id='word_1_193' title='bbox 434 2285 583 2338; x_wconf 85' lang='lat' dir='ltr'>dimittitur</span> <span class='ocrx_word' id='word_1_194' title='bbox 599 2284 721 2352; x_wconf 90' lang='lat' dir='ltr'>undique</span> <span class='ocrx_word' id='word_1_195' title='bbox 737 2285 825 2354; x_wconf 89' lang='lat' dir='ltr'>partis</span> 
     </span>
     <span class='ocr_line' id='line_1_29' title="bbox 107 2355 819 2430; baseline -0.004 -13"><span class='ocrx_word' id='word_1_196' title='bbox 107 2381 157 2417; x_wconf 89' lang='lat' dir='ltr'>nce</span> <span class='ocrx_word' id='word_1_197' title='bbox 175 2381 251 2417; x_wconf 88' lang='lat' dir='ltr'>mora</span> <span class='ocrx_word' id='word_1_198' title='bbox 267 2379 318 2416; x_wconf 91' lang='lat' dir='ltr'>nee</span> <span class='ocrx_word' id='word_1_199' title='bbox 336 2355 446 2429; x_wconf 82' lang='lat' dir='ltr'>requies</span> <span class='ocrx_word' id='word_1_200' title='bbox 462 2360 620 2415; x_wconf 84' lang='lat' dir='ltr'>interdatur</span> <span class='ocrx_word' id='word_1_201' title='bbox 636 2361 692 2414; x_wconf 88' lang='lat' dir='ltr'>ulla</span> <span class='ocrx_word' id='word_1_202' title='bbox 710 2360 819 2430; x_wconf 88' lang='lat' dir='ltr'>fluendi,</span> 
     </span>
     <span class='ocr_line' id='line_1_30' title="bbox 107 2436 829 2509; baseline -0.003 -16"><span class='ocrx_word' id='word_1_203' title='bbox 107 2443 242 2509; x_wconf 84' lang='lat' dir='ltr'>perpetuo</span> <span class='ocrx_word' id='word_1_204' title='bbox 260 2438 389 2507; x_wconf 85' lang='lat' dir='ltr'>quoniam</span> <span class='ocrx_word' id='word_1_205' title='bbox 408 2438 548 2504; x_wconf 89' lang='lat' dir='ltr'>sentimus,</span> <span class='ocrx_word' id='word_1_206' title='bbox 566 2440 595 2490; x_wconf 92' lang='lat' dir='ltr'>et</span> <span class='ocrx_word' id='word_1_207' title='bbox 612 2436 703 2491; x_wconf 87' lang='lat' dir='ltr'>omnia</span> <span class='ocrx_word' id='word_1_208' title='bbox 719 2453 829 2507; x_wconf 91' lang='lat' dir='ltr'>semper</span> 
     </span>
     <span class='ocr_line' id='line_1_31' title="bbox 107 2514 960 2571; baseline -0.009 0"><span class='ocrx_word' id='word_1_209' title='bbox 107 2532 218 2571; x_wconf 86' lang='lat' dir='ltr'>cernere</span> <span class='ocrx_word' id='word_1_210' title='bbox 236 2514 346 2569; x_wconf 86' lang='lat' dir='ltr'>odorari</span> <span class='ocrx_word' id='word_1_211' title='bbox 363 2514 428 2568; x_wconf 89' lang='lat' dir='ltr'>licet</span> <span class='ocrx_word' id='word_1_212' title='bbox 445 2517 475 2568; x_wconf 89' lang='lat' dir='ltr'>et</span> <span class='ocrx_word' id='word_1_213' title='bbox 493 2514 595 2567; x_wconf 85' lang='lat' dir='ltr'>sentire</span> <span class='ocrx_word' id='word_1_214' title='bbox 613 2529 715 2568; x_wconf 84' lang='lat' dir='ltr'>sonare.</span> <span class='ocrx_word' id='word_1_215' title='bbox 923 2530 960 2569; x_wconf 73' lang='lat' dir='ltr'>aa</span> 
     </span>
     <span class='ocr_line' id='line_1_32' title="bbox 62 2591 916 2659; baseline -0.002 -13"><span class='ocrx_word' id='word_1_216' title='bbox 62 2601 77 2634; x_wconf 69' lang='lat'>⁹</span> <span class='ocrx_word' id='word_1_217' title='bbox 143 2595 167 2646; x_wconf 94' lang='lat' dir='ltr'>N</span> <span class='ocrx_word' id='word_1_218' title='bbox 170 2609 222 2646; x_wconf 94' lang='lat' dir='ltr'>unc</span> <span class='ocrx_word' id='word_1_219' title='bbox 240 2591 328 2644; x_wconf 89' lang='lat' dir='ltr'>omnis</span> <span class='ocrx_word' id='word_1_220' title='bbox 345 2593 469 2659; x_wconf 88' lang='lat' dir='ltr'>repetam</span> <span class='ocrx_word' id='word_1_221' title='bbox 486 2605 569 2657; x_wconf 88' lang='lat' dir='ltr'>quam</span> <span class='ocrx_word' id='word_1_222' title='bbox 586 2605 649 2643; x_wconf 89' lang='lat' dir='ltr'>raro</span> <span class='ocrx_word' id='word_1_223' title='bbox 666 2606 781 2658; x_wconf 83' lang='lat' dir='ltr'>corpore</span> <span class='ocrx_word' id='word_1_224' title='bbox 799 2591 854 2645; x_wconf 91' lang='lat' dir='ltr'>siut</span> <span class='ocrx_word' id='word_1_225' title='bbox 872 2607 916 2644; x_wconf 89' lang='lat' dir='ltr'>res</span> 
     </span>
     <span class='ocr_line' id='line_1_33' title="bbox 107 2665 951 2734; baseline -0.002 -13"><span class='ocrx_word' id='word_1_226' title='bbox 107 2683 332 2732; x_wconf 86' lang='lat' dir='ltr'>commemorare;</span> <span class='ocrx_word' id='word_1_227' title='bbox 350 2665 426 2734; x_wconf 88' lang='lat' dir='ltr'>quod</span> <span class='ocrx_word' id='word_1_228' title='bbox 442 2666 470 2719; x_wconf 91' lang='lat' dir='ltr'>in</span> <span class='ocrx_word' id='word_1_229' title='bbox 487 2665 576 2734; x_wconf 88' lang='lat' dir='ltr'>primo</span> <span class='ocrx_word' id='word_1_230' title='bbox 593 2681 701 2733; x_wconf 84' lang='lat' dir='ltr'>quoque</span> <span class='ocrx_word' id='word_1_231' title='bbox 719 2666 840 2719; x_wconf 86' lang='lat' dir='ltr'>carmine</span> <span class='ocrx_word' id='word_1_232' title='bbox 857 2666 951 2720; x_wconf 85' lang='lat' dir='ltr'>claret.</span> 
     </span>
     <span class='ocr_line' id='line_1_34' title="bbox 108 2736 960 2815; baseline -0.001 -18"><span class='ocrx_word' id='word_1_233' title='bbox 108 2745 210 2813; x_wconf 85' lang='lat' dir='ltr'>quippe</span> <span class='ocrx_word' id='word_1_234' title='bbox 228 2744 338 2811; x_wconf 86' lang='lat' dir='ltr'>etenim,</span> <span class='ocrx_word' id='word_1_235' title='bbox 355 2736 519 2811; x_wconf 90' lang='lat' dir='ltr'>quamquam</span> <span class='ocrx_word' id='word_1_236' title='bbox 537 2741 637 2815; x_wconf 87' lang='lat' dir='ltr'>multas</span> <span class='ocrx_word' id='word_1_237' title='bbox 655 2740 706 2794; x_wconf 85' lang='lat' dir='ltr'>hoc</span> <span class='ocrx_word' id='word_1_238' title='bbox 723 2742 844 2808; x_wconf 87' lang='lat' dir='ltr'>pertinet</span> <span class='ocrx_word' id='word_1_239' title='bbox 860 2741 898 2795; x_wconf 87' lang='lat' dir='ltr'>ad</span> <span class='ocrx_word' id='word_1_240' title='bbox 916 2759 960 2796; x_wconf 85' lang='lat' dir='ltr'>res</span> 
     </span>
     <span class='ocr_line' id='line_1_35' title="bbox 107 2818 890 2889; baseline -0.003 -16"><span class='ocrx_word' id='word_1_241' title='bbox 107 2837 226 2886; x_wconf 78' lang='lat' dir='ltr'>nascere,</span> <span class='ocrx_word' id='word_1_242' title='bbox 244 2836 305 2874; x_wconf 89' lang='lat' dir='ltr'>cum</span> <span class='ocrx_word' id='word_1_243' title='bbox 323 2819 418 2889; x_wconf 89' lang='lat' dir='ltr'>primis</span> <span class='ocrx_word' id='word_1_244' title='bbox 435 2818 504 2872; x_wconf 86' lang='lat' dir='ltr'>hanc</span> <span class='ocrx_word' id='word_1_245' title='bbox 522 2818 559 2872; x_wconf 91' lang='lat' dir='ltr'>ad</span> <span class='ocrx_word' id='word_1_246' title='bbox 576 2834 636 2871; x_wconf 87' lang='lat' dir='ltr'>rem</span> <span class='ocrx_word' id='word_1_247' title='bbox 653 2818 778 2885; x_wconf 87' lang='lat' dir='ltr'>protinus</span> <span class='ocrx_word' id='word_1_248' title='bbox 795 2818 890 2886; x_wconf 89' lang='lat' dir='ltr'>ipsam,</span> 
     </span>
     <span class='ocr_line' id='line_1_36' title="bbox 107 2894 960 2969; baseline -0.005 -20"><span class='ocrx_word' id='word_1_249' title='bbox 107 2896 214 2964; x_wconf 84' lang='lat' dir='ltr'>quade</span> <span class='ocrx_word' id='word_1_250' title='bbox 232 2896 366 2955; x_wconf 86' lang='lat' dir='ltr'>disserere</span> <span class='ocrx_word' id='word_1_251' title='bbox 384 2895 538 2969; x_wconf 83' lang='lat' dir='ltr'>adgredior,</span> <span class='ocrx_word' id='word_1_252' title='bbox 555 2894 665 2947; x_wconf 81' lang='lat' dir='ltr'>fimrare</span> <span class='ocrx_word' id='word_1_253' title='bbox 683 2898 821 2947; x_wconf 85' lang='lat' dir='ltr'>necessest</span> <span class='ocrx_word' id='word_1_254' title='bbox 924 2909 960 2946; x_wconf 75' lang='lat' dir='ltr'>aa</span> 
     </span>
     <span class='ocr_line' id='line_1_37' title="bbox 107 2965 835 3040; baseline -0.008 -13"><span class='ocrx_word' id='word_1_255' title='bbox 107 2975 144 3028; x_wconf 80' lang='lat' dir='ltr'>uit</span> <span class='ocrx_word' id='word_1_256' title='bbox 162 2990 222 3026; x_wconf 87' lang='lat' dir='ltr'>csse</span> <span class='ocrx_word' id='word_1_257' title='bbox 240 2973 268 3026; x_wconf 91' lang='lat' dir='ltr'>iu</span> <span class='ocrx_word' id='word_1_258' title='bbox 285 2975 416 3040; x_wconf 89' lang='lat' dir='ltr'>promptu</span> <span class='ocrx_word' id='word_1_259' title='bbox 432 2971 484 3024; x_wconf 88' lang='lat' dir='ltr'>uisi</span> <span class='ocrx_word' id='word_1_260' title='bbox 501 2965 623 3024; x_wconf 83' lang='lat' dir='ltr'>mixtum</span> <span class='ocrx_word' id='word_1_261' title='bbox 636 2985 735 3035; x_wconf 86' lang='lat' dir='ltr'>corpus</span> <span class='ocrx_word' id='word_1_262' title='bbox 752 2970 835 3023; x_wconf 77' lang='lat' dir='ltr'>inani</span> 
     </span>
     <span class='ocr_line' id='line_1_38' title="bbox 105 3047 773 3119; baseline -0.013 -17"><span class='ocrx_word' id='word_1_263' title='bbox 105 3050 238 3118; x_wconf 84' lang='lat' dir='ltr'>principio</span> <span class='ocrx_word' id='word_1_264' title='bbox 256 3050 289 3104; x_wconf 90' lang='lat' dir='ltr'>fit</span> <span class='ocrx_word' id='word_1_265' title='bbox 305 3048 383 3103; x_wconf 81' lang='lat' dir='ltr'>utin</span> <span class='ocrx_word' id='word_1_266' title='bbox 401 3047 543 3119; x_wconf 71' lang='lat' dir='ltr'>spetunc&#39;is</span> <span class='ocrx_word' id='word_1_267' title='bbox 559 3061 631 3100; x_wconf 70' lang='lat' dir='ltr'>saxa</span> <span class='ocrx_word' id='word_1_268' title='bbox 645 3059 773 3110; x_wconf 72' lang='lat' dir='ltr'>superne</span> 
     </span>
     <span class='ocr_line' id='line_1_39' title="bbox 99 3112 837 3198; baseline -0.02 -20"><span class='ocrx_word' id='word_1_269' title='bbox 99 3124 202 3181; x_wconf 85' lang='lat' dir='ltr'>sudent</span> <span class='ocrx_word' id='word_1_270' title='bbox 220 3143 319 3183; x_wconf 84' lang='lat' dir='ltr'>umore</span> <span class='ocrx_word' id='word_1_271' title='bbox 338 3130 370 3184; x_wconf 88' lang='lat' dir='ltr'>et</span> <span class='ocrx_word' id='word_1_272' title='bbox 387 3127 484 3198; x_wconf 84' lang='lat' dir='ltr'>guttis</span> <span class='ocrx_word' id='word_1_273' title='bbox 500 3120 682 3182; x_wconf 59' lang='lat' dir='ltr'>mensumn</span> <span class='ocrx_word' id='word_1_274' title='bbox 704 3112 837 3168; x_wconf 59' lang='lat' dir='ltr'>semem.</span> 
     </span>
    </p>
   </div>
   <div class='ocr_carea' id='block_1_2' title="bbox 89 3190 793 3271">
    <p class='ocr_par' dir='ltr' id='par_1_2' title="bbox 89 3190 793 3271">
     <span class='ocr_line' id='line_1_40' title="bbox 89 3190 793 3271; baseline -0.026 -16"><span class='ocrx_word' id='word_1_275' title='bbox 89 3207 189 3257; x_wconf 74' lang='lat' dir='ltr'>manae</span> <span class='ocrx_word' id='word_1_276' title='bbox 204 3204 279 3262; x_wconf 83' lang='lat' dir='ltr'>item</span> <span class='ocrx_word' id='word_1_277' title='bbox 297 3207 385 3264; x_wconf 84' lang='lat' dir='ltr'>nobis</span> <span class='ocrx_word' id='word_1_278' title='bbox 406 3225 425 3264; x_wconf 82' lang='lat' dir='ltr'>e</span> <span class='ocrx_word' id='word_1_279' title='bbox 442 3209 515 3265; x_wconf 82' lang='lat' dir='ltr'>toto</span> <span class='ocrx_word' id='word_1_280' title='bbox 533 3213 664 3271; x_wconf 69' lang='lat' dir='ltr'>corpere</span> <span class='ocrx_word' id='word_1_281' title='bbox 683 3190 793 3251; x_wconf 65' lang='lat' dir='ltr'>suum,</span> 
     </span>
    </p>
   </div>
   <div class='ocr_carea' id='block_1_3' title="bbox 0 0 1027 3426">
    <p class='ocr_par' dir='ltr' id='par_1_3' title="bbox 0 0 1027 3426">
     <span class='ocr_line' id='line_1_41' title="bbox 0 0 1027 3426; baseline 0 0"><span class='ocrx_word' id='word_1_282' title='bbox 0 0 1027 3426; x_wconf 95' lang='lat' dir='ltr'> </span> 
     </span>
    </p>
   </div>
  </div>
 </body>
</html>
