2040 3426
107 105 143 159 10
498 100 510 153 l

103 203 166 257 hino
183 207 275 258 tamon
293 220 353 257 esse
370 203 435 257 licet
451 218 514 256 raro
531 217 594 255 cum
611 217 724 270 corpore
741 217 845 256 cernas.

103 280 132 331 in
150 279 223 332 saris
241 295 273 332 ac
291 278 426 347 speluncis
442 280 587 347 permanat
603 293 736 346 aquarum

103 354 224 423 liquidus
242 370 320 408 umor
337 358 367 409 ct
383 353 513 408 uberibus
530 354 598 408 flent
612 353 704 407 omnia
719 353 816 421 guttis.

104 430 245 499 dissipat'
238 447 266 483 1n
284 447 382 499 corpus
401 447 461 485 sese
478 431 555 485 cibus
573 446 654 483 omne
672 429 848 484 animantum
917 443 955 484 555

104 509 229 560 crescunt
217 506 360 560 tarbusta
377 509 407 561 et
423 506 522 560 fetus
514 522 543 559 rn
560 508 685 572 tempore
702 503 829 572 fundunt,

104 581 179 648 quod
196 581 272 635 cibus
290 581 318 636 in
335 585 408 636 totas
425 598 512 651 nsque
530 580 566 635 ab
583 580 720 651 radicibus
736 581 798 634 imis

103 671 154 725 per
171 660 282 712 truncos
300 673 332 712 ac
349 674 399 727 per
416 673 507 711 ramos
524 656 688 710 diffunditur
705 656 799 710 omnis.

103 732 177 786 inter
194 738 289 802 saepta
305 736 399 788 meant
416 748 496 786 voces
513 735 544 787 et
559 732 651 786 clausa
668 731 811 785 domorum

103 808 303 876 transrolitant,
321 808 439 876 rigidum
454 810 598 877 permanat
615 807 703 874 frigus
719 806 757 860 ad
774 822 842 860 ossa.
917 820 954 860 555

103 883 180 952 qnod
196 883 249 938 nisi
265 884 355 936 inania
372 884 434 948 sint,
453 899 508 951 qua
524 883 630 949 possint
645 898 759 950 corpora
776 897 901 951 quaeque

104 959 240 1014 transiret
263 956 336 1011 hand
354 958 410 1011 ulla
426 958 487 1012 fieri
503 957 611 1011 ratione
629 955 744 1011 rideres.

78 1042 87 1059 ·
104 1032 224 1101 deniquo
241 1049 289 1087 cur
306 1032 373 1086 alias
390 1032 450 1086 aliis
467 1036 609 1101 praestare
626 1032 751 1087 ridemus

103 1108 226 1177 pondere
243 1124 289 1162 res
306 1108 389 1161 rebus
407 1107 462 1161 nilo
479 1108 582 1161 maiore
599 1108 706 1176 figurat
802 1136 805 1142 ·

104 1200 168 1237 nam
186 1184 209 1237 si
225 1184 415 1239 tantundemst
432 1184 460 1237 in
477 1185 555 1238 lanae
572 1185 694 1253 glomero
710 1186 844 1253 quantum
916 1199 954 1238 sao

104 1260 224 1328 corporis
241 1260 269 1313 in
286 1259 398 1329 plumbo
416 1263 466 1329 est,
483 1260 647 1315 tantundem
663 1260 785 1330 pendere
801 1275 851 1327 par
868 1261 919 1327 est,

104 1336 225 1405 corporis
243 1336 387 1391 officiumst
404 1336 532 1406 qnoniam
549 1352 675 1406 premere
693 1335 783 1390 omnia
800 1335 935 1403 deorsum,

104 1416 200 1466 contra
217 1415 310 1466 autem
327 1415 426 1466 natura
443 1415 536 1467 manet
553 1412 611 1466 sine
628 1411 750 1481 pondere
767 1410 862 1464 inanis.

105 1503 171 1554 ergo
189 1487 264 1555 quod
280 1490 438 1554 magnumst
454 1503 544 1554 aeque
561 1487 702 1554 leviusque
719 1486 837 1554 ridetur,

105 1561 232 1614 nimirum
250 1561 312 1630 plus
329 1577 390 1614 esse
408 1561 460 1615 sibi
478 1561 600 1614 declarat
616 1559 720 1625 inanis;
916 1575 953 1615 555

105 1641 135 1689 55
152 1639 248 1690 contra
264 1635 374 1703 gravius
390 1635 477 1722 plus·
469 1652 498 1688 m
515 1651 545 1688 55
563 1634 683 1723 corporis
701 1650 761 1688 esso

104 1710 215 1766 dedicat
232 1715 262 1765 et
278 1710 365 1764 multo
382 1711 466 1765 vacui
476 1710 613 1764 minusm
584 1713 659 1764 55555
614 1710 785 1765 t.habere

62 1798 66 1849 ι
104 1790 148 1840 555
165 1786 249 1854 igitur
265 1787 392 1840 nimimm
409 1785 440 1839 id
458 1785 532 1854 quod
549 1786 655 1840 ratione
674 1787 763 1856 sagaci

61 1918 66 1933 ,
62 1863 266 1951 quaerimus,
284 1861 389 1916 admint
377 1866 436 1916 tum
453 1861 545 1931 rebus,
562 1861 661 1931 quod
652 1879 733 1916 mane
749 1879 883 1918 vocamus.

138 1937 237 1992 Illud
229 1956 258 1992 m
275 1938 318 1991 his
334 1937 417 1992 rebus
434 1954 470 1993 ne
487 1941 517 1992 55
535 1937 671 1994 deducere
688 1954 754 1992 vero
915 1953 952 1996 sto

104 2013 198 2082 possit,
216 2013 292 2082 quod
309 2012 421 2082 quidam
438 2013 553 2082 fingrmt,
570 2029 748 2084 praecurrere
765 2031 854 2083 cogor.

103 2090 202 2145 cedere
220 2091 399 2160 squamigeris
415 2090 511 2145 latices
528 2090 681 2145 nitentibus
697 2091 775 2146 aiunt

104 2170 133 2221 55
150 2166 268 2236 liquidas
285 2166 392 2235 aperire
410 2167 474 2235 vias,
492 2167 556 2236 quia
571 2170 635 2236 post
652 2166 711 2221 loca
728 2167 816 2236 pisces

103 2242 236 2312 linquant,
254 2259 308 2312 quo
326 2244 430 2310 possint
447 2242 576 2298 cedentes
594 2242 730 2298 confluere
747 2243 844 2298 undae.

104 2319 143 2372 sic
160 2318 226 2371 alias
245 2334 353 2386 quoquc
370 2336 415 2373 ros
432 2320 505 2373 inter
522 2336 552 2373 se
569 2335 649 2387 posse
665 2320 769 2374 moveri
914 2335 951 2376 575

103 2396 133 2446 55
150 2396 259 2446 mutare
276 2393 371 2459 locum,
389 2394 510 2461 quamvis
528 2396 584 2449 sint
601 2395 691 2448 omnia
707 2395 795 2464 plena.

104 2466 208 2521 scilicet
224 2467 255 2520 id
271 2466 339 2519 falsa
355 2471 445 2521 totum
463 2469 569 2522 ratione
586 2471 762 2537 receptumst.

103 2559 166 2596 nam
184 2557 239 2611 quo
257 2542 420 2610 squamigeri
437 2545 570 2610 poterunt
586 2542 734 2610 procedere
751 2544 871 2613 tandem,

102 2619 131 2672 ni
150 2618 269 2688 spatium
287 2616 415 2671 dederint
432 2618 541 2672 laticesl
560 2617 709 2672 concedere
727 2636 809 2688 porro

103 2712 159 2765 quo
175 2695 308 2765 poterunt
325 2694 423 2762 undae,
440 2710 501 2747 curn
519 2694 608 2763 pisces
625 2694 668 2749 iro
683 2695 854 2766 nequibuntl
914 2714 952 2754 ssa

103 2776 151 2826 aut
168 2773 252 2841 igitur
269 2773 346 2824 motu
362 2769 553 2839 privandumst
569 2787 683 2840 corpora
701 2789 827 2842 quaeque

103 2851 151 2901 aut
169 2864 229 2902 esse
245 2846 399 2901 admixtum
416 2845 592 2901 dicundumst
609 2847 692 2902 rebus
709 2849 789 2903 inane

103 2923 177 2976 unde
195 2918 293 2977 initum
309 2923 427 2991 primum
445 2923 536 2992 capiat
552 2939 598 2978 res
615 2941 740 2994 quaeque
757 2924 891 2980 movendi.

96 3002 166 3064 post
167 3014 242 3050 remo
260 2999 315 3052 duo
333 2999 369 3054 de
386 3016 518 3054 concursu
535 3015 648 3070 corpora
664 2999 722 3053 lata

82 3085 111 3118 ar
127 3072 182 3123 crta
201 3072 348 3144 dissiliant,
367 3093 473 3149 nempe
490 3093 541 3134 aer
558 3091 642 3132 omne
657 3077 811 3141 necessest,
922 3092 964 3130 aas

60 3137 145 3194 l'lltor
159 3159 285 3215 empore
304 3153 386 3225 quod
403 3155 467 3223 liat,
484 3152 644 3226 possidat
637 3166 733 3207 mano
