2040 3426
110 113 167 172 166
506 113 555 169 Vl

107 217 213 272 fervida
230 216 263 272 fit
279 217 359 286 glans
376 218 405 271 iu
423 233 512 287 eursu,
530 234 591 272 cum
609 217 696 272 multa
713 217 813 287 rigoris

107 311 222 364 corpora
239 294 382 348 dimittens
399 295 490 362 ignem
507 295 632 364 concepit
648 294 677 348 in
694 295 775 350 auris.

108 371 141 425 fit
159 387 267 440 quoque
283 373 316 424 ut
334 370 419 439 ipsius
436 370 534 439 plagae
551 370 593 424 vis
610 371 714 425 excitet
730 370 829 442 iguem,

106 447 206 514 frigida
223 463 284 500 eum
302 447 378 500 venti
395 446 501 516 pepulit
517 446 559 500 ris
576 447 659 500 missa
676 448 734 502 sine
750 447 815 516 igni,
926 465 964 506 aro

107 523 234 576 nimirum
251 525 325 591 quia,
340 539 403 577 cum
420 523 540 578 vementi
558 523 675 592 perculit
691 523 757 591 ictu,

106 599 243 654 confluere
260 616 295 654 ex
312 601 373 669 ipso
390 602 505 668 possunt
523 599 659 654 elementa
676 600 784 668 vaporis

106 679 136 729 et
153 675 233 729 simul
251 692 287 730 ex
304 676 352 730 illa
369 678 517 745 quactum
534 691 580 729 res
597 675 701 744 excipit
717 675 817 742 ictum;

104 754 144 818 nt,
161 751 282 821 lapidem
298 753 372 808 ferro
389 768 451 806 oum
469 751 616 820 caedimus,
635 751 725 806 evolat
742 751 821 820 iguis,

106 844 165 895 nec,
180 829 255 898 quod
272 828 433 897 frigidaria
450 828 552 895 ferrist‚
570 827 622 882 hoc
641 827 728 882 setius
745 828 792 881 illi·
925 843 964 883 ars

106 904 209 959 semina
226 907 392 960 concurrunt
409 904 491 958 calidi
508 904 623 972 fulgoris
640 903 677 958 ad
693 904 785 958 ictum.

106 980 244 1050 sicigitur
263 997 371 1051 quoque
388 997 435 1034 res
453 979 565 1035 accendi
579 980 696 1050 >fulmine
714 980 805 1047 debet,

106 1060 261 1126 opportuna
277 1057 330 1110 fuit
348 1056 371 1109 si
388 1055 461 1110 forte
478 1058 508 1110 et
524 1055 624 1109 idonea
641 1055 764 1110 flammis.

106 1148 157 1187 nee
175 1135 280 1187 temere
298 1132 407 1185 omuino
424 1131 505 1201 plane
522 1131 564 1186 vis
582 1131 683 1201 frigida
699 1131 775 1186 venti

106 1224 167 1263 esse
184 1211 285 1279 potest,
302 1223 335 1262 ea
353 1224 424 1277 quae
441 1209 520 1262 tauta
536 1208 563 1262 vi
580 1209 665 1262 missa
683 1210 836 1278 supernesi,
925 1223 961 1264 sm

106 1285 180 1354 quin,
197 1285 275 1355 prius
292 1285 321 1339 in
338 1301 420 1339 eursu
438 1284 462 1339 si
479 1301 532 1338 uon
550 1283 710 1339 accenditur
727 1283 791 1352 igni,

105 1363 136 1414 ot
153 1362 291 1430 tepefacta
308 1365 401 1416 tamen
418 1361 511 1417 veniat
530 1360 677 1414 commixta
694 1359 791 1413 calore.

140 1437 392 1492 Mobilitasautem
409 1437 443 1492 fit
460 1436 579 1490 fulminis
597 1438 627 1490 et
643 1435 735 1504 gravis
753 1434 831 1503 ictus,

107 1516 137 1568 ct
154 1513 237 1570 celeri
254 1515 341 1571 ferme
358 1516 523 1582 percurrunt
540 1513 653 1566 fulmina
669 1512 756 1580 lapsu,
793 1519 795 1524 ⁴

107 1589 225 1644 nubibus
242 1590 302 1660 ipsa
319 1589 394 1658 quod
412 1591 519 1643 omnino
535 1589 613 1657 prius
630 1588 714 1643 incita
731 1605 762 1642 se
778 1589 820 1643 vis
923 1603 961 1643 aas

105 1665 209 1734 colligit
226 1669 256 1720 et
273 1681 403 1733 magnum
420 1680 551 1719 conamen
568 1664 653 1720 sumit
670 1665 760 1734 eundi,

106 1740 170 1794 inde
187 1741 234 1795 ubi
252 1756 306 1794 non
323 1741 415 1810 potuit
431 1741 518 1794 nubes
535 1757 636 1811 capere
652 1742 753 1810 inpetis
770 1747 889 1810 auctum,

105 1816 268 1886 exprimitur
287 1816 328 1870 vis
346 1817 430 1885 atquc
447 1815 511 1870 ideo
527 1817 602 1871 volat
619 1817 724 1887 impete
741 1817 820 1886 mmo,

104 1899 135 1948 ut
153 1893 251 1949 validis
269 1910 340 1963 quae
358 1893 394 1948 de
410 1893 556 1948 tormentis
573 1894 657 1948 missa
673 1894 807 1949 fenmtur.

105 1970 177 2025 addc
197 1970 305 2039 quode
324 1970 416 2040 parvis
432 1966 461 2024 et
478 1969 584 2024 levibus
601 1973 644 2025 est
662 1970 813 2037 elementis,
923 1984 961 2024 eso

96 2063 154 2100 ‘nec
170 2046 279 2102 facilest
295 2047 346 2101 tali
362 2049 478 2100 natiuae
496 2046 630 2116 opsistere
647 2045 800 2116 quicquam.

103 2123 177 2177 iuter
198 2123 272 2177 enim
289 2123 410 2191 fugitas
427 2125 556 2191 penetrat
572 2138 624 2190 per
640 2138 703 2176 rara
719 2122 831 2188 sianum,

104 2215 158 2252 non
177 2198 263 2266 igitur
281 2198 377 2253 multis
394 2197 540 2252 offensibus
557 2193 585 2251 in
602 2197 766 2252 remorando

103 2274 230 2345 haesitat,
249 2275 320 2330 haue
338 2274 449 2328 obrem
467 2273 549 2329 celeri
567 2274 642 2329 volat
660 2275 763 2343 impete
781 2274 884 2329 labens.

105 2352 213 2421 deinde,
233 2352 306 2421 quod
325 2351 434 2406 omniuo
452 2354 551 2405 natura
568 2351 692 2420 pondera
709 2351 836 2405 deorsum
923 2367 960 2407 aas

105 2428 197 2481 omnia
214 2428 349 2495 nituntur,
366 2443 428 2480 eum
445 2427 555 2496 plagast
572 2426 668 2480 addita
685 2442 758 2494 vero,

106 2503 245 2557 mobilitas
263 2503 419 2572 duplicatur
436 2506 466 2556 et
482 2502 602 2571 impetus
619 2502 666 2556 ille
683 2501 826 2570 gravescit,

104 2581 136 2632 ut
153 2579 307 2632 vementius
325 2582 354 2632 et
371 2579 452 2633 citius
470 2594 659 2647 quaecumque
677 2582 819 2633 morantur

104 2655 184 2709 obvia
202 2654 333 2709 discutiat
350 2655 438 2723 plagis
456 2654 594 2723 itinerque
612 2657 752 2722 sequatur.

105 2731 224 2800 denique
242 2731 317 2798 quod
330 2730 409 2798 longo
427 2731 502 2785 veuit
518 2731 627 2799 impete,
645 2746 753 2784 sumere
771 2729 855 2783 debet
924 2741 963 2783 eso

105 2807 289 2862 mobilitatem
307 2807 390 2860 etiam
409 2810 492 2875 atque
510 2807 601 2875 etiam,
620 2823 691 2876 quae
708 2808 807 2862 crescit
824 2804 915 2861 eundo

106 2886 135 2938 et
153 2884 259 2937 validas
277 2887 359 2952 auget
377 2884 442 2937 viris
460 2886 489 2938 et
505 2883 617 2937 roborat
635 2884 728 2938 ictum.

103 2976 167 3013 iram
184 2959 252 3016 facit
269 2962 301 3014 ut
319 2977 390 3030 quae
408 2960 462 3014 sint
480 2959 552 3012 illius
570 2960 675 3014 semina
691 2976 809 3028 cumque

84 3048 103 3084 e
118 3036 240 3102 reffl'oue
255 3037 349 3095 Iocum
370 3037 453 3111 quasi
471 3036 500 3093 in
517 3053 607 3092 unum
623 3039 725 3092 cuncta
736 3037 871 3100 terantur,

67 3110 166 3162 ⁰⁰²⁰ss
185 3113 337 3178 ‘'oniciens
356 3118 390 3175 in
408 3134 480 3175 eum
496 3114 646 3174 volventia
662 3127 785 3167 cursum.
937 3121 980 3159 aa

55 3173 182 3242 &wien
202 3205 243 3246 ex
260 3194 331 3266 ipso
353 3198 483 3257 veniens
499 3193 606 3254 trahet
625 3206 696 3246 aere
714 3183 859 3255 quaedam
