2040 3426
74 215 194 286 donique
211 231 274 271 eum
292 217 387 271 contra
403 214 484 284 pleno
500 213 572 269 bene
589 213 690 269 lumine
706 213 784 268 fulsit

73 296 158 360 atque
175 291 266 345 oriens
282 290 375 345 obitus
392 291 451 369 eius
470 305 551 358 super
568 288 643 344 edita
660 289 745 355 vidit;

75 367 141 421 inde
157 366 315 421 minutatim
332 369 407 419 retro
426 365 504 434 quasi
522 365 640 431 condere
655 365 748 419 lumen
894 379 929 420 no

74 442 159 497 debet
175 443 252 510 item,
270 443 371 510 quanto
388 440 499 510 propius
515 439 571 494 iam
589 439 653 494 selis
670 439 707 493 ad
724 433 815 508 ignem

74 517 177 571 labitur
194 533 229 572 ex
246 517 301 570 alia
319 516 455 585 signorum
472 518 551 585 parte
568 531 619 584 per
636 515 746 580 orbem;

75 597 107 647 ut
124 593 236 661 faciunt,
254 592 344 645 lunam
363 592 410 659 qui
428 592 537 659 fingrmt
554 607 614 645 esse
631 590 697 661 pilai

74 668 242 723 consimilem
259 683 408 734 cursusque
426 668 497 720 viam
515 666 565 720 sub
583 667 640 721 sole
657 669 758 721 tenere.

72 748 116 798 est
135 744 220 799 etiam
237 759 323 812 quare
340 743 449 811 proprio
467 758 529 796 eum
545 742 648 797 lumine
665 742 752 812 pessit
897 755 931 798 ns

73 819 177 874 volvier
194 822 224 874 et
240 819 330 873 varias
348 818 635 886 splendoris'reddcre
651 819 760 872 formas.

71 911 170 964 corpus
187 893 260 950 enim
276 895 341 948 licet
358 910 418 946 esse
436 893 510 947 aliud
528 895 602 962 quod
618 894 708 949 fertur
724 896 755 949 et
772 909 827 947 una

71 969 174 1026 labitur
191 969 352 1025 omnimodis
370 986 511 1024 occursans
528 970 699 1040 efficiensque

70 1063 121 1101 nec
137 1047 210 1116 petis
226 1049 270 1101 est
287 1045 371 1111 cerni,
389 1046 453 1114 quia
470 1063 575 1100 cassum
593 1047 694 1101 lumine
709 1046 804 1101 fertur.
954 1098 957 1103 Δ

71 1122 229 1191 versarique
246 1124 344 1191 potest,
361 1121 457 1190 globus
474 1125 514 1191 ut,
532 1122 555 1176 si
572 1123 651 1191 forte,
668 1123 732 1192 pilai
893 1132 929 1176 vro

71 1198 185 1253 dimidia
201 1214 236 1252 ex
252 1199 330 1267 parti
342 1197 471 1255 candenti
486 1198 587 1253 lumine
604 1199 712 1264 tinctus,

71 1274 260 1342 versandoque
277 1274 387 1342 globum
405 1273 534 1328 variantis
552 1274 635 1328 edere
652 1275 759 1341 formas,

73 1349 192 1421 donique
209 1353 402 1418 campartem,
420 1366 606 1418 quaecumque
624 1353 667 1403 est
684 1348 792 1418 ignibus
808 1352 896 1416 aucta„

72 1425 109 1479 ad
127 1425 244 1495 speciem
262 1425 347 1480 vertit
363 1423 440 1478 nobis
458 1425 603 1493 oculosque
620 1425 758 1495 patentis3

72 1501 139 1556 inde
155 1501 312 1557 minutatim
329 1504 404 1556 retro
421 1503 584 1575 contorquet
601 1504 631 1555 et
648 1501 738 1554 aufert
890 1514 926 1557 777

70 1576 211 1631 luciferam
229 1581 336 1646 partem
353 1576 554 1645 glomeraminis
572 1580 655 1645 atque
672 1575 752 1645 pilsi3

71 1656 104 1706 ut
122 1652 286 1722 Babylonica
304 1652 471 1707 Chaldaeum
489 1651 614 1707 doctrina
631 1652 753 1707 refutans

71 1729 270 1796 astrologorum
288 1731 375 1782 artem
393 1731 488 1782 contra
505 1729 663 1784 convincere
681 1728 778 1798 tendit,

72 1804 186 1872 proinde
203 1803 281 1873 quasi
298 1804 328 1858 id
344 1804 404 1857 ficri
421 1808 541 1880 nequeat
559 1805 632 1873 quod
649 1809 753 1874 pugnat
769 1807 888 1876 uterquc

72 1880 227 1933 autminus
244 1879 295 1933 hoe
312 1880 359 1934 illo
377 1880 412 1933 sit
430 1896 482 1933 cur-
494 1880 653 1948 amplectier
669 1881 749 1935 ausis.
889 1894 925 1936 rao

72 1955 189 2024 denique
206 1972 254 2010 cur
271 1959 391 2024 nequeat
409 1971 517 2023 semper
534 1951 603 2008 nova
619 1955 684 2008 luna
700 1953 790 2011 creari

72 2031 168 2086 ordine
185 2032 333 2086 formarum
351 2034 427 2085 certo
445 2029 582 2098 certisque
599 2030 693 2098 figuris

71 2105 153 2175 inque
171 2107 230 2161 dies
246 2108 337 2176 privos
355 2105 468 2160 aborisci
486 2121 609 2175 quaeque
627 2107 720 2160 ereata

72 2184 156 2251 atque
173 2183 226 2236 alia
242 2183 314 2236 illius
331 2182 453 2252 reparari
470 2181 499 2234 in
516 2185 595 2249 parte
613 2181 734 2250 locoque,

71 2256 207 2312 difficilest
224 2259 329 2313 ratione
347 2259 445 2313 doecre
463 2259 493 2311 et
510 2257 619 2311 vincere
636 2256 733 2325 verbis,
881 2272 918 2316 735

71 2332 167 2388 ordine
184 2350 246 2388 eum
259 2334 372 2403 possint
389 2337 447 2389 tam
466 2336 541 2388 certo
559 2329 647 2387 multa
661 2333 756 2388 creari.

31 2440 34 2447 ·
71 2411 96 2466 it
113 2429 161 2466 ver
179 2415 208 2467 et
225 2412 327 2482 Venus,
345 2415 374 2467 et
392 2411 464 2466 veris
481 2409 658 2480 praenuntius
676 2413 741 2465 ante

70 2491 205 2554 pennatus
222 2488 349 2556 graditur
366 2488 506 2557 zephyrus,
525 2486 640 2555 vestigia
657 2489 770 2556 propter

73 2560 155 2614 Flora
172 2562 269 2629 quibus
286 2567 376 2617 mater
392 2580 590 2632 praespargens
607 2566 672 2617 ante
689 2563 743 2617 viai

72 2639 170 2689 cuncta
187 2636 320 2691 coloribus
338 2639 454 2706 egregiis
472 2642 501 2693 et
519 2638 647 2691 odoribus
664 2639 764 2707 opplet.
888 2649 924 2694 ⁷40

72 2711 138 2764 inde
155 2711 207 2765 loci
226 2711 348 2779 sequitur
366 2713 438 2766 calor
455 2713 549 2767 aridus
566 2716 596 2767 et
613 2730 703 2767 comes
720 2730 774 2766 una

72 2786 261 2854 pulverulenta
279 2785 362 2840 Ceres
379 2794 404 2841 et
421 2789 507 2842 etesia
524 2789 610 2842 flabra
627 2788 789 2856 aquilonum.

72 2862 137 2917 inde
155 2864 303 2916 autumnus
320 2861 387 2930 adit,
403 2864 530 2931 graditur
547 2864 628 2917 simul
646 2862 750 2917 Euhius
768 2863 853 2941 Euan.

71 2938 137 2991 inde
155 2939 223 2992 aliae
241 2940 419 3006 tempestates
436 2939 565 3007 ventique
583 2944 720 3008 secuntur,

72 3013 219 3068 altitonans
238 3014 389 3068 Volturnus
407 3016 436 3069 et
453 3017 545 3069 auster
562 3014 678 3068 fulmine
692 3014 815 3082 pellens
892 3027 939 3061 *aa

72 3089 183 3143 tandem
203 3089 301 3148 bruma
317 3090 397 3149 nives
413 3091 513 3150 adiert
527 3092 705 3165 pigrumque
717 3088 866 3150 rigarem„

59 3164 159 3232 prodit
175 3165 298 3244 hiemps,
312 3172 448 3247 sequitur
467 3171 621 3244 crepitans
628 3167 717 3222 *naue
732 3153 883 3213 dentiae&
895 3142 973 3195 Q*
