2040 3426
63 115 81 169 2
249 128 259 145 ·
483 105 492 159 l

61 235 116 287 quo
133 218 220 284 magis
237 218 379 270 aeternum
397 213 434 266 da
452 211 540 279 dietis,
558 211 629 275 dira,
648 210 795 278 laborent·

62 295 138 349 effice
154 297 186 346 ut
203 293 308 346 interea
325 290 383 344 sera
400 305 528 343 moenera
544 286 651 340 militiai

61 382 112 432 per
129 366 214 419 maria
230 380 262 419 ac
279 369 368 418 terras
386 365 473 418 omnis
490 363 579 433 sopita
596 362 743 430 quiescant.

62 458 125 494 narn
144 445 175 495 tu
193 441 250 494 sola
267 445 346 508 potes
364 440 513 507 tranquilla
531 455 597 506 pace
614 438 706 491 iuuare
745 470 749 475 -

63 517 194 584 mortalis
212 517 339 584 quoniam
358 515 423 568 belli
440 517 499 568 iera
516 530 644 568 moenera
661 513 771 566 Mavors

63 593 230 660 armipotens
247 591 327 659 regit,
347 591 375 643 in
393 590 527 658 gremium
546 589 593 658 qni
611 605 693 657 saepe
711 593 788 642 tumn
808 603 837 641 se

64 668 143 721 reicit
161 672 273 721 aeterno
292 666 417 720 devictus
434 666 546 729 vulnere
563 664 663 725 amoris

65 747 148 812 atquc
165 744 205 798 ita
223 744 373 812 suspiciens
391 743 473 796 tereti
491 741 597 796 cervice
613 745 725 809 reposta

65 819 152 887 pascit
170 835 262 873 aurore
280 819 374 871 avidos
392 818 499 871 inhians
516 818 544 870 in
562 820 599 884 te,
617 815 676 880 dea,
693 815 775 879 risus,

66 912 135 963 equo
152 900 202 949 tuo
219 894 322 961 pendet
339 893 461 961 resupini
480 893 594 960 spiritus
610 908 665 945 ore.

66 970 137 1023 hune
154 973 193 1036 tu,
211 969 282 1035 diva,
300 972 348 1022 tuo
366 967 542 1021 recubantem
560 982 672 1034 corpore
690 970 784 1019 sancto

65 1045 228 1098 circumfusa
245 1060 333 1110 super,
351 1043 441 1095 suavis
458 1059 494 1096 ex
512 1058 559 1096 oro
576 1041 710 1108 loquellas

66 1120 150 1173 funde
167 1122 264 1187 potens
281 1116 415 1186 placidam
435 1118 571 1184 Romania
589 1117 697 1182 incluta,
716 1133 818 1185 pacem.

66 1213 128 1248 nam
146 1210 235 1263 neque
252 1210 301 1247 nos
319 1210 401 1260 agere
418 1194 469 1248 hoc
486 1193 585 1262 patriai
602 1197 726 1260 temporo
744 1192 838 1258 iniquo

68 1287 209 1339 possumus
227 1285 314 1339 aequo
331 1269 421 1323 animo
438 1285 489 1324 nec
502 1269 620 1335 ¹Memmi
639 1269 712 1322 clara
728 1282 850 1336 propago

67 1347 168 1401 talibus
184 1346 213 1399 in
231 1345 313 1400 rebus
331 1345 466 1399 communi
484 1345 564 1400 desse
581 1345 669 1399 saluti.

67 1438 145 1470 OMNES
159 1438 218 1470 ENlM
233 1438 278 1470 PER
291 1438 318 1470 SE
331 1438 410 1470 DIVUM
422 1437 523 1470 NATURA
536 1436 664 1470 nncffisssr

67 1508 203 1540 Immonranr
216 1507 280 1540 AEVO
292 1507 379 1539 SUMMA
392 1507 444 1539 CUM
458 1507 518 1538 PACE
530 1507 645 1538 moerus

67 1573 161 1605 SEMOTA
170 1575 203 1605 AB
216 1572 314 1604 NOSTRIS
326 1571 404 1603 Renes
416 1570 585 1608 flammaeve
598 1571 678 1603 LONGE

68 1639 122 1671 ΝΛΜ
133 1639 237 1670 PRIVATA
251 1638 362 1671 bononem
375 1637 437 1670 OMNI
450 1637 556 1670 PRIVATA
569 1637 674 1670 Panrcnls

67 1707 121 1740 11‘sA
134 1706 187 1738 sms
200 1706 303 1738 POLLENS
316 1705 402 1737 OPlBUS
415 1705 488 1737 amu,
498 1704 588 1737 melea
600 1705 683 1738 NOB'I'RI

69 1773 116 1806 NEC
131 1771 193 1804 BENE
206 1771 352 1818 rnomnnrrrs
361 1771 466 1805 carlrnn
478 1772 525 1805 NEO
535 1773 659 1806 sanemus
671 1774 712 1807 IRA

477 1825 492 1852 >k

70 1868 144 1934 quod
162 1870 294 1935 superest,
312 1883 408 1920 vacuas
426 1867 500 1920 auris
518 1868 692 1936 animumque
710 1887 832 1938 sagacem

71 1947 204 1997 semotum
223 1960 239 1995 a
256 1943 329 1997 curis
346 1943 448 1998 adhibe
465 1960 557 1997 veram
576 1944 612 1997 ad
630 1945 772 2012 rationem,

70 2035 105 2072 ne
122 2035 184 2073 mea
201 2019 273 2072 dona
290 2019 341 2072 tibi
360 2019 451 2073 studio
469 2019 592 2088 disposta
609 2020 693 2086 fideli,

69 2095 209 2149 intellecta
226 2095 301 2162 prius
320 2113 401 2165 quam
419 2096 481 2163 sint,
499 2099 657 2164 contempta
674 2098 817 2165 relinquas.

71 2188 133 2224 nam
151 2171 202 2225 tibi
221 2172 257 2225 de
275 2189 379 2226 summa
397 2172 466 2226 caeli
483 2171 588 2225 ratione
607 2173 743 2240 deumque

71 2248 207 2303 disserere
225 2249 352 2317 incipiam
370 2251 399 2304 ct
416 2265 508 2302 rorum
525 2247 675 2316 primordia
692 2249 818 2317 pandam,

72 2326 145 2378 unde
163 2325 250 2378 omnis
267 2318 366 2379 'natum
383 2328 458 2379 ercet
475 2341 520 2378 res
537 2327 630 2378 auctet
646 2324 756 2392 alatque

72 2417 159 2468 quove
177 2400 274 2453 cadem
291 2417 400 2453 rursum
418 2404 516 2453 natura
533 2402 676 2466 perempta
693 2400 819 2465 resolvat,

73 2490 143 2542 cauae
161 2490 210 2526 nos
228 2475 370 2526 materiem
389 2478 417 2527 et
434 2474 564 2540 genitalia
581 2489 693 2540 corpora
710 2474 791 2526 rebus

73 2548 216 2602 reddunda
233 2548 261 2600 in
278 2549 384 2601 ratione
401 2563 498 2601 vocare
515 2551 544 2600 et
562 2548 665 2601 semina
682 2565 773 2601 reruni

73 2624 209 2692 appellare
227 2628 336 2676 suenrus
354 2626 383 2676 et
400 2623 467 2676 haee
484 2621 580 2676 eadem
598 2639 729 2691 usurpare

73 2716 187 2769 corpora
204 2699 300 2768 prima,
319 2699 392 2765 qued
410 2715 444 2751 ex
461 2697 516 2751 illis
534 2702 597 2751 sunt
615 2699 706 2753 omnia
722 2699 825 2770 primis,

111 2777 238 2830 llumana
255 2779 320 2828 ante
338 2774 428 2829 oculos
445 2773 526 2828 foede
543 2790 604 2828 cum
622 2775 679 2829 vita
696 2774 798 2832 iaceret

74 2855 102 2906 in
119 2853 201 2906 torris
219 2868 349 2921 oppressa
365 2850 442 2918 gravi
461 2848 511 2903 sub
528 2850 660 2919 religione

75 2945 144 2996 quae
162 2932 244 2997 caput
262 2945 279 2981 a
296 2927 363 2981 caeli
380 2925 537 2994 regionibus
554 2927 718 2982 ostendebat

74 3002 198 3057 horribili
216 3020 298 3071 super
316 3007 428 3071 aspectu
444 3002 604 3056 mortalibus
620 3004 733 3068 instans,

55 3079 185 3140 prrinum
205 3079 306 3133 Graius
323 3078 407 3134 homo
426 3078 551 3135 mortalis
567 3078 668 3134 tollere
685 3080 783 3131 eontra

44 3153 94 3200 est
109 3154 208 3205 oculos
227 3172 317 3210 ausus
336 3157 509 3228 prinmsqnc
527 3155 669 3209 obsistere
688 3155 796 3215 contra,
