2040 3426
91 120 149 178 120
480 113 553 172 IIII

86 237 149 275 nam
167 220 263 274 mulier
280 219 408 290 prohibet
425 235 455 274 se
473 218 616 287 concipere
633 222 717 287 atque
735 223 881 290 repugnat,

86 296 211 350 clunibus
229 296 288 365 ipsa
306 297 356 351 riri
375 297 512 349 Venerem
530 295 553 348 si
571 293 644 348 laeta
660 297 794 350 retractat
898 313 948 353 raro

86 375 171 441 atquc
190 382 315 426 exossato
334 374 389 426 ciet
407 371 480 424 omni
498 368 611 439 pectore
628 369 744 438 fluctum

86 449 150 502 eicit
169 448 241 502 enirn
260 449 363 502 sulcum
383 450 458 501 recta
475 447 587 514 regione
604 447 703 516 viaque

86 525 201 579 vomeris
219 528 303 592 atquc
322 524 387 578 locis
405 523 508 576 ai'ertit
526 522 636 576 seminis
653 523 746 576 ictum.

86 601 170 670 idque
188 608 237 654 sua
254 616 334 654 causa
352 602 517 653 consuerunt
537 602 627 652 scorta
644 599 754 667 moveri,

86 693 121 730 uo
139 677 340 744 complerentur
358 675 456 730 crebro
473 674 658 742 gravidaeque
675 674 797 750 iacerent
902 693 950 734 ηπ

86 759 115 806 ct
132 752 212 806 simul
230 752 290 820 ipsa
306 751 372 804 viris
390 751 484 805 Venus
502 754 534 803 ut
552 750 706 804 concinnior
724 754 812 816 eseet3

86 829 245 896 coniugibus
264 828 337 896 quod
356 827 393 881 nil
411 829 512 882 nostris
531 844 599 896 opus
621 842 681 881 csse
698 827 816 882 videtur.

120 905 179 959 Nec
198 905 328 958 divinitus
346 903 485 957 interdurn
508 903 680 973 Venerisque
698 903 808 972 sagittis

86 979 222 1034 deteriore
240 980 272 1033 llt
290 983 322 1032 ut
339 980 426 1032 forma
444 979 604 1034 muliercula
621 983 736 1034 ametur.

86 1071 148 1108 narn
166 1056 230 1109 lacit
248 1057 307 1124 ipsa
326 1055 380 1108 siris
399 1057 538 1110 interdum
558 1056 657 1110 femina
674 1057 753 1111 factio
900 1072 949 1111 laco

85 1131 280 1199 niurigcn'eque
299 1131 387 1184 mulis
405 1135 435 1185 et
453 1133 555 1188 munde
575 1150 688 1204 corpore
705 1133 788 1200 culte,

86 1209 118 1258 ut
134 1206 221 1274 facile,
231 1208 367 1261 insuescat
386 1213 411 1261 te
429 1225 520 1263 secum
540 1210 642 1278 degere
659 1209 751 1264 vitam.

86 1283 161 1351 quod
179 1289 310 1354 superest,
329 1286 498 1339 consuetudo
516 1287 661 1340 concinnat
678 1302 813 1351 anrorcm3

87 1376 149 1414 narn
167 1362 264 1417 leviter
281 1364 403 1433 qumvis
421 1363 495 1433 quod
513 1364 610 1417 crebro
627 1363 754 1418 tunditur
771 1363 839 1432 ictu,

87 1436 206 1492 vincitur
221 1440 249 1492 in
267 1441 346 1506 longo
365 1440 452 1507 spatio
470 1443 561 1493 tamen
580 1445 664 1508 atque
681 1437 802 1493 labascit
896 1453 946 1494 mo

87 1528 175 1567 nonno
193 1514 268 1568 vides
286 1515 370 1568 etiam
388 1519 481 1580 guttas
499 1516 525 1568 in
544 1533 609 1568 saxa
626 1515 750 1568 udentia

87 1588 188 1641 auroris
204 1588 284 1656 longo
301 1589 329 1642 ir
348 1590 436 1658 spatio
453 1590 620 1657 pertundere
639 1590 720 1645 eaxal
