2040 3426
14 25 232 38 ⁷—
379 26 395 49 ι

56 104 92 161 16
463 96 479 152 Ι

50 204 122 272 'quid
139 219 220 270 porro
238 202 382 268 nequeant,
401 197 534 252 sancitum
552 197 776 266 qnandoquidem
793 205 879 263 extat,

54 297 105 333 nco
122 279 305 332 commutatur
323 275 474 343 quiequam,
492 273 558 342 quin
576 272 666 327 omnia
683 279 810 330 constent

54 371 140 424 usquo
157 352 235 419 adeo,
252 351 343 404 uariae
360 349 483 404 volucres
499 351 532 402 ut
549 348 577 401 in
595 349 690 403 ordino
708 354 823 406 cunctae

54 430 200 485 ostendant
217 427 336 480 maculas
352 424 486 492 generalis
504 439 617 492 corporo
634 426 729 493 inesse,
867 439 904 482 too

53 504 217 559 inmutabili'
236 501 367 556 materiae
386 516 495 568 quoquo
513 516 611 568 corpus
628 501 731 556 habero

54 581 157 635 debent
174 579 308 631 nimirum.
327 593 390 629 nam
407 576 430 629 si
448 575 597 644 primordia
613 594 705 632 rerum

54 655 213 710 commutari
231 654 323 722 aliqua
339 650 445 720 possint
462 651 568 704 rationo
586 653 696 717 revicta,

53 731 187 784 incertum
205 745 313 798 quoque
331 727 386 781 iam
404 729 512 781 constet
530 727 598 796 quid
616 729 702 797 possit
719 729 792 796 oriri,

54 806 124 875 quid
139 809 265 875 nequeat,
284 805 361 858 linita
380 806 503 873 potestas
522 803 640 872 deniquo
657 804 754 872 cuique
868 819 904 858 tos

55 899 171 951 quanam
189 883 225 936 sit
243 882 347 934 rationo
365 884 450 949 atque
468 880 524 934 alto
541 880 675 933 terminus
692 880 814 945 haerens,

55 975 105 1012 nee
122 959 224 1012 totiens
241 957 345 1024 possint
363 955 517 1023 generatim
536 955 624 1030 saecla
641 958 744 1010 referre

55 1036 180 1086 araturam
196 1048 285 1084 mores
303 1031 405 1084 victum
422 1032 568 1099 motusque
586 1036 737 1098 parentum.

90 1108 158 1161 Tum
170 1123 251 1175 porro
263 1107 390 1174 quoniam
402 1107 446 1159 est
457 1108 611 1160 extremum
623 1108 752 1177 quodque
764 1123 893 1161 cmnrnen

55 1183 175 1252 corporis
192 1182 264 1236 illius
281 1182 355 1251 quod
372 1183 459 1238 nostri
478 1199 590 1238 cernere
607 1201 702 1239 sensus
868 1199 904 1238 ooo

55 1261 109 1313 iam
126 1263 271 1327 nequeunt,
290 1259 320 1312 id
338 1259 466 1313 nimirum
486 1260 544 1313 sino
561 1261 686 1328 partibus
703 1264 781 1315 extat

56 1339 86 1389 et
103 1335 213 1389 minima
229 1338 337 1390 constat
354 1339 453 1390 natura
471 1353 521 1390 nec
538 1336 591 1391 fuit
608 1352 737 1405 umquam

55 1427 106 1480 per
123 1429 153 1466 se
170 1415 306 1466 secretum
324 1428 412 1481 nequo
429 1413 544 1479 posthac
561 1429 621 1466 esso
638 1412 749 1480 valebit,

55 1488 167 1541 alterius
185 1488 338 1554 quoniamst
355 1488 444 1556 ipsum
461 1504 533 1554 pars,
551 1487 693 1554 primaque
710 1491 740 1542 ot
756 1504 811 1541 una

56 1563 120 1617 inde
138 1563 206 1616 aliae
224 1566 308 1629 atque
325 1562 395 1615 aliae
412 1561 514 1614 similes
531 1577 566 1614 ex
583 1561 680 1616 ordine
697 1566 790 1631 partos
869 1578 905 1617 eoa

56 1637 164 1703 agmine
182 1636 318 1692 condenso
336 1639 462 1689 naturam
480 1637 601 1705 corporis
618 1638 738 1708 explent,

56 1730 127 1782 quae
145 1712 272 1781 qnoniam
290 1727 340 1780 per
357 1727 387 1765 so
405 1715 546 1778 nequeunt
564 1716 698 1782 constare,
715 1718 854 1770 necessest

57 1789 170 1842 haerere
187 1787 261 1840 unde
279 1789 382 1854 queant
399 1785 473 1840 nulla
491 1787 596 1842 rationo
613 1790 713 1843 revelli.

57 1868 121 1918 sunt
138 1863 223 1930 igitur
241 1861 327 1914 solida
344 1861 493 1929 primordia
510 1863 684 1932 simplicitate

57 1956 127 2008 quoe
144 1937 261 1991 minimis
279 1937 381 2007 stipata
399 1937 546 1993 cohaerent
564 1939 688 2008 partibus
706 1945 773 2006 arto,
871 1955 908 1995 oio

56 2031 110 2068 non
128 2031 162 2068 ex
179 2014 287 2067 illarum
305 2018 439 2068 conventu
458 2015 606 2084 conciliata,

57 2091 107 2144 sed
123 2090 209 2158 magis
228 2093 341 2144 aeterna
358 2090 488 2158 pollentia
508 2091 690 2161 simplicitate,

56 2167 129 2221 undo
146 2183 235 2236 neque
252 2166 331 2220 avelli
350 2165 496 2236 quicquam
517 2184 607 2236 neque
624 2168 744 2222 deminui
762 2168 816 2221 iam

56 2243 180 2298 concedit
197 2246 295 2297 natura
312 2259 453 2297 reservans
475 2243 579 2297 semina
597 2245 685 2298 rebus

56 2323 199 2387 praeterea
216 2319 268 2372 nisi
286 2320 338 2372 erit
357 2319 505 2383 minimum,
524 2320 684 2388 parvissima
702 2336 826 2388 quaeque
873 2330 909 2370 ort

56 2411 170 2463 corpora
187 2394 350 2447 constabunt
370 2411 404 2446 ex
423 2395 548 2462 partibus
567 2396 688 2461 infinitis,
757 2408 764 2419 ‘

56 2471 157 2536 quippo
174 2468 221 2521 ubi
238 2468 368 2521 dimidiae
386 2469 472 2535 partis
492 2486 555 2536 pars
574 2485 682 2536 semper
700 2469 813 2523 habebit

57 2544 198 2597 dimidiam
216 2546 323 2610 partem
342 2559 391 2597 nee
409 2559 453 2596 res
473 2543 617 2610 praefiniet
635 2544 696 2596 ulla.

57 2636 122 2686 crgo
139 2635 231 2672 rorum
248 2618 321 2671 inter
340 2635 473 2673 summam
493 2617 688 2687 minimamque
708 2618 774 2686 quid
793 2620 878 2674 escitl

56 2697 94 2749 nil
112 2695 167 2750 erit
184 2699 215 2749 ut
233 2695 334 2761 distct3
351 2711 414 2749 narn
434 2695 558 2764 quamvis
578 2695 702 2750 funditus
720 2695 807 2750 omnis
875 2710 912 2750 oao

57 2790 163 2827 summa
181 2774 217 2827 sit
235 2773 348 2837 infinita,
368 2776 468 2842 tamen,
490 2773 654 2843 parvissima
672 2790 742 2842 quae
761 2774 832 2839 sunt,

57 2866 91 2900 ex
109 2851 221 2904 infinitis
240 2850 405 2905 constabunt
424 2851 550 2919 partibus
568 2867 661 2920 acque.

57 2925 132 2992 quod
151 2928 277 2994 qnoniam
297 2928 368 2983 ratio
386 2927 518 2984 reclamat
536 2944 601 2982 ruera
619 2932 757 2995 negatque

57 3000 173 3055 credero
191 3019 271 3070 posse
289 3005 417 3072 animum,
436 3005 524 3061 victus
542 3005 655 3076 fateare,
666 3002 804 3056 necessest

59 3093 121 3131 csso
139 3095 259 3146 eaquae
278 3080 358 3133 nullis
376 3081 430 3134 iam
449 3082 575 3150 praedita
592 3080 718 3149 partibus
737 3076 834 3130 extent
879 3087 916 3127 ona

60 3156 90 3206 ot
106 3153 217 3207 minima
234 3157 361 3208 constent
379 3159 484 3209 natura.
504 3172 574 3224 quae
593 3159 721 3222 quonlam
742 3157 812 3217 suut,
