2040 3426
76 104 133 162 176
469 100 518 158 VI

72 206 223 276 conspicias
240 204 361 269 hominis,
378 204 411 258 fit
427 207 460 259 ut
477 204 565 258 omnis
582 203 674 258 dicere
691 219 787 258 causas

73 282 217 336 conveniat
233 280 290 348 leti,
308 279 416 333 dicatur
434 283 466 333 ut
483 280 556 333 illius
572 295 633 331 una

74 375 137 410 uam
155 373 244 424 noque
261 373 323 410 cum
340 355 414 410 ferro
431 371 482 408 uec
499 356 600 422 frigore
617 355 726 408 vincere
744 357 833 424 possis

72 434 207 487 interiissc
225 448 315 499 nequo
333 447 349 484 a
366 429 461 483 morbo
479 446 567 496 neque
585 431 657 483 torte
676 447 788 497 veneno,

73 525 168 563 verum
180 507 283 577 aliquid
293 521 394 572 genere
407 522 465 560 esse
478 521 512 559 cx
523 505 575 559 hoc
587 504 661 575 quod
672 507 789 574 contigit
800 507 826 560 ci
890 524 926 566 ιιι

73 585 180 638 scimus.
198 583 265 637 item
282 582 311 634 in
327 579 420 634 multis
436 583 488 636 hoc
506 581 589 636 rebus
606 581 698 636 dicere
715 581 855 638 habemus.

108 660 187 714 Nilus
204 660 232 712 in
250 659 382 712 aestatem
400 656 499 711 erescit
516 657 673 726 campisque
691 656 838 728 redundat,

73 736 169 790 unicus
185 736 213 789 in
230 733 313 788 terris
332 733 452 801 Aegypti
470 733 556 787 totius
573 733 668 787 amnia
701 731 703 736 '

73 813 96 864 is
114 812 186 880 rigat
204 813 361 878 Aegyptum
379 808 499 862 medium
516 825 567 878 per
585 825 666 877 saepe
683 809 810 878 calorem,

72 891 122 940 aut
140 887 204 956 quia
221 890 285 940 sunt
303 887 408 939 aestate
426 885 566 954 aquilones
584 885 655 938 ostia
672 888 776 952 contra,

73 963 136 1016 anni
153 966 277 1031 tempore
295 977 327 1014 eo
345 961 392 1028 qui
410 961 512 1015 etesiae
530 977 590 1014 esse
608 961 740 1028 feruntur,

73 1043 102 1091 et
120 1041 215 1092 eontra
232 1036 343 1090 fluvium
360 1037 458 1090 flantes
476 1038 649 1089 remorantur
667 1038 696 1091 et
713 1036 801 1090 undas

73 1116 200 1182 cogentes
218 1130 311 1167 sursus
328 1112 436 1181 replent
453 1115 609 1180 coguntque
628 1127 745 1166 manere.

73 1206 134 1242 nam
153 1189 235 1242 (lubio
251 1188 347 1256 procul
365 1187 432 1241 haee
450 1188 565 1242 adverso
583 1187 812 1255 flabra'lcrimtur

74 1266 190 1332 llumlue,
207 1281 277 1334 quae
294 1264 394 1332 gelidis
411 1265 447 1318 ab
464 1263 551 1318 stellis
569 1265 628 1317 axis
646 1266 773 1331 aguntur.

71 1340 117 1394 ille
135 1358 170 1395 ex
187 1341 316 1395 aestifera
334 1340 406 1408 parti
424 1340 500 1394 venit
518 1339 604 1393 amnis
622 1339 658 1392 ab
676 1342 778 1407 austro,

71 1417 143 1471 inter
160 1418 238 1486 nigra
255 1416 344 1470 virum
362 1419 488 1486 percocto
507 1416 595 1469 saecla
611 1415 701 1469 colore

72 1494 197 1548 exoriens
214 1493 325 1563 penitus
342 1493 434 1546 media
451 1492 486 1546 ab
504 1493 614 1560 regione
633 1491 693 1544 diei.

72 1573 115 1622 cst
133 1585 240 1637 quoque
257 1568 298 1622 uti
316 1569 402 1636 possit
419 1584 533 1634 magnus
550 1569 695 1635 congestus
712 1568 830 1622 harenae

31 1694 33 1702 Α
72 1644 199 1698 fluctibus
216 1643 338 1697 adversis
356 1643 478 1713 oppilare
496 1644 565 1696 ostia
583 1646 685 1712 contra,

71 1737 133 1772 eum
150 1735 226 1772 mare
242 1721 395 1786 permotum
412 1719 501 1771 ventis
518 1720 574 1773 ruit
591 1719 667 1773 intus
683 1719 829 1785 harenam3

71 1811 125 1862 quo
142 1794 175 1848 fit
192 1793 233 1846 uti
251 1796 331 1862 paeto
349 1793 418 1845 liber
434 1793 525 1846 nrinus
543 1795 633 1848 exitus
651 1795 724 1848 amni

71 1876 100 1922 et
118 1869 243 1939 proclivis
260 1869 326 1922 item
345 1868 393 1921 fiat
411 1869 499 1921 minus
516 1869 636 1937 impetus
653 1871 740 1923 undis.

71 1949 102 2000 lit
91 1952 228 2015 tquoquo
245 1946 286 2000 uti
304 1946 411 2014 pluviae
428 1945 528 1999 forsan
537 1946 623 2013 magis
641 1947 677 1999 ιιι
695 1950 778 2014 caput
795 1948 821 2000 ei

70 2030 194 2115 temporo
212 2039 244 2076 eo
262 2023 335 2087 fiant,
353 2021 425 2089 qaod
444 2022 530 2075 etesia
548 2021 634 2075 flabra
652 2023 807 2090 aquilonum
873 2022 880 2035 “

70 2090 171 2151 nubila
179 2098 338 2152 coniciunt¹
331 2115 359 2150 m
377 2114 423 2151 eas
441 2102 506 2151 tunc
524 2098 614 2151 omnia
632 2099 724 2166 partis.

70 2192 97 2226 sa
85 2174 174 2227 ilicet
192 2173 227 2226 ad
245 2169 364 2226 mediam
382 2173 520 2241 regionem
538 2173 626 2227 eiecta
643 2174 698 2227 dici
772 2183 777 2189 '

69 2267 131 2302 cum
149 2252 340 2316 convenerunt,
358 2248 396 2301 ibi
414 2249 450 2302 ad
468 2248 537 2303 altos
556 2249 674 2317 denique
692 2250 792 2303 montis

68 2330 212 2378 contrusae
229 2325 316 2378 nubes
334 2328 467 2392 coguntur
484 2325 564 2393 vique
582 2329 751 2393 premuntur.

68 2401 181 2453 forsitan
200 2401 366 2470 Aethiopum
384 2403 492 2469 penitus
510 2402 545 2456 dc
563 2402 700 2455 montibus
718 2402 780 2455 altis
885 2417 922 2458 735

68 2479 180 2543 crescat,
198 2475 246 2528 ubi
262 2476 290 2529 in
309 2493 418 2545 campos
436 2478 511 2531 albas
529 2478 696 2532 descendero
715 2478 829 2545 ningues

67 2551 184 2605 tabificis
204 2550 306 2618 subigit
324 2553 408 2605 radiis
427 2554 466 2605 sol
484 2554 574 2605 omnia
591 2553 716 2606 lustrans.

103 2628 129 2681 N
130 2644 183 2681 unc
193 2644 251 2696 age,
262 2630 373 2681 Averna
382 2628 431 2681 tibi
442 2645 511 2695 quac
521 2629 575 2681 siut
584 2628 643 2682 loca
653 2646 768 2697 cumque
776 2630 908 2699 lacusque

68 2705 220 2794 expediam,
238 2704 312 2770 quali
329 2708 428 2757 natura
446 2704 571 2773 praedita
590 2709 723 2762 constent.

67 2781 208 2851 principio,
226 2797 279 2849 quo
298 2782 409 2832 Averna
425 2785 557 2834 iocantur
575 2781 690 2848 uonrine,
707 2781 737 2832 id
755 2780 790 2833 ab
808 2796 838 2834 rc
882 2795 921 2836 rso

67 2856 248 2946 ippositumst,
266 2857 329 2926 quia
346 2860 410 2908 sunt
427 2856 521 2910 auibus
538 2861 602 2911 cont
603 2859 674 2911 raria
691 2856 802 2923 eunetis,

67 2926 85 2983 o'
101 2934 211 3000 regione
229 2949 262 2986 ea
280 2930 354 3000 quod
373 2931 432 2986 loca
449 2949 511 2986 eum
529 2949 629 2986 venere
646 2933 776 2998 tolentes,

57 3009 162 3076 remigi
178 3009 282 3062 oblitae
296 3025 450 3078 pennarum
468 3009 528 3063 vela
545 3009 626 3061 remit
628 3012 690 3061 ιιιιιι

31 3086 276 3161 praecipitesque
294 3086 405 3143 cadunt
424 3087 504 3143 molli
520 3101 626 3142 ceruee
641 3085 769 3151 prolusae

20 3165 54 3203 ¹1¹
74 3161 194 3231 terram,
217 3166 248 3219 si
262 3167 346 3222 forte
362 3167 410 3222 ita
428 3168 488 3223 lert
506 3169 612 3219 natura
624 3160 763 3219 locorum,
899 3171 944 3208 aa

20 3360 76 3398 Η
152 3374 188 3397 n„
