2040 3426
89 208 207 262 momine
224 208 265 262 uti
282 225 365 278 parvo
381 209 488 279 possint
504 210 610 280 inpulsa
626 212 737 266 mereri.

89 301 206 353 namque
222 289 347 338 movetur
364 301 436 353 aqua
453 288 483 340 et
500 286 609 340 tantillo
625 288 744 342 momine
762 287 843 342 flutat

88 360 189 429 quippe
207 360 369 415 volubilibus
386 362 531 431 parvisque
548 366 639 417 creata
656 364 758 432 figuris.
902 379 938 417 rna

135 439 230 490 eontra
246 435 334 489 meilis
351 438 518 491 constantior
535 441 579 492 est
595 443 694 493 nature

88 512 118 564 et
134 511 206 580 pigri
223 511 319 566 latices
335 513 423 580 magis
440 516 470 567 et
487 514 658 568 cunctantior
675 517 768 581 aetus;

88 585 185 649 haeret
203 587 276 640 enim
293 587 366 642 inter
383 604 413 642 se
430 589 518 656 magis
534 590 623 643 omnis
639 590 765 644 materiai

88 663 172 731 eopia,
190 663 318 717 nimirum
337 664 472 731 quianon
489 669 547 719 tam
565 665 670 720 levibus
687 669 766 722 extat

87 738 246 805 corporibus
263 755 351 807 neque
369 743 428 794 tam
444 741 590 809 suptilibus
608 745 694 811 atque
708 742 842 796 rutundis.
901 758 936 796 195

87 829 204 880 umnque
221 815 364 883 papaveris
375 831 449 869 aura
465 819 559 884 potest
576 833 708 886 suspensa
724 817 845 885 levisque

87 904 185 956 cogere
202 894 234 944 ut
250 890 286 944 ab
304 907 409 944 summo
427 891 479 946 tibi
496 892 602 966 diffluat
619 893 691 947 altus
708 909 828 947 acervus.

87 967 118 1017 at
135 969 230 1020 eontra
247 966 369 1036 lapidum
386 967 540 1022 conlectum
557 969 616 1037 ipse
633 969 708 1023 euru'
726 985 837 1024 movere

86 1055 175 1094 noenu
193 1046 293 1110 potest.
310 1043 395 1111 igitur
411 1044 572 1112 parvissima
589 1060 704 1114 corpora
721 1061 852 1114 proquam

87 1118 116 1168 et
133 1116 267 1171 levissima
284 1122 355 1186 sunt,
372 1119 413 1172 ita
430 1119 583 1174 mobilitate
600 1121 734 1174 iniuntur.
899 1137 936 1173 roo

86 1196 116 1244 at
133 1196 228 1246 contra
244 1210 430 1262 quaecumque
446 1195 533 1261 magis
550 1212 611 1248 cum
628 1196 749 1264 pondere
766 1213 865 1264 magno

86 1284 235 1335 asperaque
252 1268 434 1336 inveniuntur,
452 1285 484 1322 oo
503 1268 625 1322 stabilita
642 1271 728 1338 magis
746 1275 817 1324 smrt.

86 1358 157 1394 nunc
173 1342 258 1409 igitur
275 1343 403 1409 <monium
420 1349 458 1396 est
475 1342 560 1396 animi
578 1348 677 1397 natura
693 1349 804 1412 repertu

86 1416 193 1470 mobilis
210 1419 327 1485 egregie,
345 1434 478 1486 perquam
495 1421 621 1472 constare
638 1423 776 1472 necessest

85 1492 244 1562 corporibus
262 1493 354 1562 parvis
372 1498 402 1547 et
417 1493 522 1547 levibus
539 1497 622 1563 atque
639 1494 772 1547 rutundis.
899 1511 935 1549 207,

87 1585 156 1635 quae
174 1568 226 1621 tibi
244 1569 353 1636 cognita
370 1586 414 1623 res
431 1569 460 1622 in
477 1569 578 1637 multis,
597 1586 613 1623 o
630 1568 708 1636 bone,
725 1569 808 1624 rebus

86 1643 161 1697 utilis
177 1644 332 1698 invenietur
349 1649 378 1698 ct
396 1648 549 1714 opportuna
567 1644 676 1699 elnebit.

87 1719 153 1772 haee
170 1735 277 1788 quoque
295 1736 340 1773 res
357 1721 440 1774 etiam
458 1722 585 1774 naturam
603 1721 713 1774 dedicat
729 1721 796 1791 eius,

59 1833 62 1838 .
85 1812 165 1862 qnam
184 1796 260 1849 tenui
278 1801 386 1850 constet
403 1801 516 1850 textina
532 1812 668 1865 quamque
684 1797 744 1852 loeo
762 1815 792 1852 se

85 1871 222 1925 contiueat
239 1888 330 1941 parvo,
349 1873 371 1925 si
389 1873 475 1940 possit
493 1871 699 1941 conglomerari‚
899 1892 934 1930 no

84 1947 157 2015 quod
174 1947 255 2000 simul
272 1952 356 2015 atque
373 1948 510 2002 hominem
529 1947 578 2001 leti
596 1965 691 2001 secura
708 1949 785 2016 quies
803 1953 846 2004 est

84 2022 197 2090 indepta
214 2027 297 2091 atspue
315 2023 397 2076 animi
415 2027 513 2076 natura
530 2023 691 2090 animaeque
707 2025 830 2093 recessit,

85 2099 122 2150 nil
140 2098 179 2151 ibi
196 2098 312 2152 libatum
330 2098 365 2151 de
383 2101 442 2151 toto
460 2114 573 2166 corpore
591 2114 686 2152 cernas

84 2173 120 2226 ad
139 2174 264 2240 speciem,
282 2173 320 2226 nil
338 2173 375 2226 ad
393 2173 513 2241 pondus:
532 2190 605 2226 mors
622 2174 713 2227 onmia
729 2179 852 2240 praestat

84 2249 196 2302 vitalem
214 2252 325 2316 practer
342 2265 450 2317 sensum
468 2249 639 2316 calidumque
656 2266 792 2318 vaporem.
837 2259 840 2266 '
898 2268 935 2308 215

84 2340 151 2391 crgo
169 2325 286 2376 animam
304 2327 392 2377 totam
409 2325 549 2393 perparvis
567 2340 628 2378 csse
645 2329 783 2380 necessest

85 2399 240 2469 seminibus,
258 2416 355 2454 nexam
373 2417 424 2470 per
441 2417 523 2455 venas
541 2402 644 2456 viscera
661 2418 773 2468 nervom

84 2479 227 2544 qumonus,
245 2477 331 2530 onmis
348 2477 395 2531 nbi
413 2495 430 2532 e
446 2482 506 2532 toto
525 2478 579 2531 inm
596 2495 710 2548 corpore
728 2481 818 2550 cessit,

84 2552 188 2606 extima
204 2552 387 2607 membrorum
406 2555 620 2608 circumcaesura
637 2560 729 2610 tamen
747 2574 777 2610 sc

85 2628 245 2682 ineolumem
262 2633 385 2697 praestat
401 2647 451 2684 uec
470 2631 539 2684 defit
557 2631 685 2699 ponderis
702 2633 795 2686 hilum.
898 2651 936 2688 220

85 2704 159 2771 quod
175 2721 261 2771 genus
279 2709 322 2757 est
340 2705 441 2760 Bacchi
459 2723 520 2760 cum
538 2707 588 2760 flos
605 2707 715 2760 evanuit
732 2712 781 2762 aut
797 2725 859 2761 cum

85 2780 197 2847 spiritus
214 2779 347 2846 unguenti
365 2781 455 2833 suavis
473 2783 581 2848 diffugit
598 2783 625 2835 in
643 2798 724 2835 auras

85 2859 132 2907 ant
149 2855 240 2922 aliquo
258 2855 390 2909 onmium
408 2873 487 2909 sucus
504 2858 540 2910 de
557 2873 669 2925 corpore
687 2857 783 2923 cessit;

84 2931 121 2983 nil
139 2931 223 2984 oeulis
240 2934 333 2985 tamen
351 2947 411 2984 esse
427 2932 516 2985 minor
533 2948 578 2986 res
595 2934 656 3002 ipse
672 2933 782 2986 videtur

84 3008 230 3075 propterea
246 3023 334 3076 neque
352 3007 508 3062 detractum
525 3007 562 3062 de
577 3008 705 3078 ponuere
722 3009 892 3077 qumquam„
914 3019 959 3052 am

81 3082 206 3135 nimirum
224 3083 287 3150 quia
304 3083 394 3140 multa
411 3086 580 3159 minutaque
597 3087 715 3141 semma.
729 3098 818 3138 sucos

62 3156 192 3269 9ciiiriunt
209 3162 240 3211 ct
258 3160 373 3218 odorem
396 3165 426 3221 in
444 3169 512 3224 toto
531 3183 661 3237 corpore
676 3163 738 3218 rei.
