2040 3426
55 39 194 52 ῥ-

106 111 163 170 184
496 112 546 172 VI

55 239 94 272 000
102 229 150 269 aar
167 230 184 269 a
200 217 280 283 tergo
297 216 377 285 quasi
392 215 527 285 provehat
543 218 628 287 atque
644 217 788 288 propellat

102 307 212 360 semper
229 291 302 346 enim
319 292 526 361 circumpositus
544 310 588 347 res
605 293 734 349 verberat
750 311 814 362 aer;

102 368 152 421 sod
169 367 218 421 tali
237 367 269 421 fit
286 369 328 422 nti
345 369 481 438 propellat
498 373 622 438 tempore
639 371 749 437 sermm

101 447 182 515 parte
200 444 273 513 quod
291 461 326 499 ex
343 462 397 500 una
416 447 534 515 spatium
551 450 630 500 vacat
647 451 676 501 01
694 449 768 517 capit
784 449 813 500 in
830 463 867 502 00.
910 463 958 503 0000

55 522 153 588 rosolio,
171 521 223 574 tibi
241 538 323 590 quem
341 539 468 591 memoro,
485 539 536 591 per
553 524 650 578 crebra
666 525 801 578 foramina
817 524 883 578 ferri

102 615 200 668 parvas
217 598 254 652 ad
271 599 369 668 partis·
377 598 516 654 subtiliter
533 599 700 656 insinuatus·

102 676 192 730 trudit
209 678 239 729 01
256 675 370 746 inpellit,
391 675 714 746 quashnavemvelaque
730 679 837 732 ventus.

55 751 223 821 nerdenique
241 768 286 805 res
304 768 398 807 omnes
416 751 520 807 debent
536 754 565 807 in
582 770 696 822 corpore
712 753 815 809 habere

75 889 79 893 ,
103 845 174 896 aera,
193 828 414 897 quandoquidem
432 846 494 884 raro
512 833 576 884 sunt
593 847 707 898 corpore
724 834 754 885 01
770 846 819 884 aer
910 842 960 882 0000

104 905 229 958 omnibus
246 908 290 959 est
307 905 390 959 rebus
408 907 592 961 circumdatus
609 907 812 976 adpositusque.

104 981 147 1034 hic
164 981 256 1049 igitur,
275 982 383 1052 penitus
401 984 448 1052 qui
464 983 499 1042 in
511 983 611 1037 ferrost
628 982 739 1036 abditus
747 999 812 1051 000,

105 1057 218 1112 sollicito
236 1061 314 1111 motu
332 1075 440 1127 semper
456 1059 576 1112 iactatur
594 1075 681 1127 eoque

104 1132 233 1188 verberat
251 1135 369 1188 anellum
386 1133 470 1188 dubio
487 1134 582 1202 procul
599 1138 630 1189 01
646 1135 702 1189 0101
718 1135 792 1191 intus

106 1210 223 1266 seilicet:
241 1211 288 1264 ille
303 1210 400 1264 eodem
417 1211 505 1265 100100
523 1227 577 1280 quo
594 1210 787 1281 praecipitavit
913 1225 962 1264 mro

105 1287 159 1339 iam
177 1288 260 1342 semel
279 1289 308 1340 et
324 1290 432 1357 partem
449 1288 478 1341 in
496 1304 609 1341 vacuam
626 1287 766 1341 conamina
783 1289 907 1356 sumpsit.

142 1364 187 1417 llit
205 1381 314 1433 queque
331 1367 364 1418 ut
381 1380 398 1418 a
414 1363 506 1434 lapide
524 1362 575 1418 hoe
591 1363 657 1418 ferri
674 1365 773 1418 natura
790 1363 904 1417 recedat

105 1440 253 1508 interdum,
271 1441 366 1508 fugere
383 1444 466 1510 atque
484 1441 559 1509 sequi
578 1443 707 1494 consueta
723 1439 847 1494 vicissim.

107 1517 232 1570 exultare
251 1518 335 1571 etiem
353 1517 540 1573 Samothracia
556 1518 646 1571 ferrea
663 1516 720 1570 vidi

107 1596 136 1647 01
154 1597 279 1646 ramenta
296 1594 376 1646 simul
393 1593 459 1647 10001
475 1593 567 1647 1100000
584 1593 658 1646 intus
675 1592 769 1647 ahenis
914 1607 963 1647 mss

107 1670 135 1722 in
153 1669 276 1737 scaphiis,
293 1669 363 1739 lapis
379 1669 424 1724 hic
442 1669 557 1737 Magnes
574 1686 636 1724 cum
654 1668 781 1722 subditus
798 1673 884 1724 esset:
950 1706 953 1712 -

107 1762 193 1814 usque
210 1745 280 1798 adeo
297 1746 392 1812 fugere
410 1745 445 1798 ab
463 1761 528 1800 saxo
545 1745 649 1812 gestire
666 1744 785 1799 videtur.

107 1837 171 1876 aere
188 1821 348 1892 interposito
366 1821 503 1890 discordia
519 1823 599 1876 tauta
616 1822 727 1875 creatur

107 1901 255 1968 propterea
273 1897 337 1966 quia
353 1897 481 1951 nimirum
492 1895 575 1967 prius
592 1898 686 1960 aestus
703 1896 751 1950 ubi
768 1896 839 1950 00010

108 1974 248 2044 praecepit
265 1974 386 2042 ferrique
403 1973 461 2027 vias
478 1973 602 2042 possedit
619 1975 737 2042 apertas,
917 1986 966 2026 0000

109 2051 245 2120 posterior
262 2051 361 2120 lapidis
378 2049 454 2104 venit
471 2053 563 2105 aestus
581 2054 610 2105 et
628 2049 718 2103 omnia
733 2049 815 2118 plena

108 2127 211 2181 invenit
229 2126 257 2180 in
275 2127 455 2195 ferroneque
472 2125 557 2187 habet
574 2143 629 2195 qua
646 2128 739 2180 tranet
755 2129 787 2179 ut
805 2128 878 2180 ante.

108 2203 216 2272 cogitur
234 2203 366 2257 offensare
382 2202 467 2271 igitur
484 2203 646 2271 pulsareque
664 2201 750 2255 fluctu

109 2280 199 2333 ferrea
216 2282 295 2333 texta
312 2296 374 2345 suo;
394 2296 447 2346 quo
464 2282 546 2348 paeto
564 2277 671 2347 respuit
687 2277 723 2330 ab
742 2294 771 2330 se

109 2358 193 2422 atque
203 2372 254 2423 per
265 2373 312 2409 aes
324 2356 418 2424 agitat,
432 2355 490 2409 sine
502 2371 534 2410 eo
546 2354 622 2423 quod
634 2369 716 2421 saepe
727 2353 859 2406 resorbet.
918 2367 968 2406 lose

146 2432 221 2485 Illud
237 2433 266 2485 in
284 2433 327 2485 his
344 2432 427 2485 rebus
444 2431 538 2485 mirari
555 2431 644 2498 mitte,
663 2429 736 2498 quod
756 2432 848 2482 aestus

110 2524 164 2561 non
181 2507 254 2561 valet
272 2524 288 2560 0
304 2506 396 2576 lapide
414 2507 465 2561 hoc
482 2508 549 2560 alias
566 2507 708 2574 impellere
726 2505 793 2558 item
811 2521 863 2558 000.

110 2584 232 2652 pondere
245 2583 317 2636 enim
329 2584 416 2637 fretae
428 2583 530 2652 partim
542 2585 617 2637 stant
626 2581 719 2651 ;quod
729 2597 815 2648 genus
826 2597 940 2646 aurum3

111 2663 141 2714 01
158 2660 258 2728 partim
276 2677 339 2714 raro
357 2661 420 2729 quia
438 2663 503 2714 sunt
520 2675 583 2713 cum
601 2674 722 2726 corpore,
740 2660 771 2710 ut
792 2660 884 2709 aestus

111 2737 235 2804 pervolet
251 2738 378 2803 intactus,
396 2739 537 2804 nequeunt
554 2734 729 2804 inpellier
696 2749 826 2800 usquam3
920 2747 971 2787 0000

110 2812 202 2881 lignea
218 2817 292 2868 mate
277 2815 346 2868 00100
364 2814 392 2866 in
410 2829 464 2881 quo
482 2828 582 2880 genere
601 2827 661 2864 esse
678 2808 755 2863 videt
757 2825 796 2862 ur.

111 2890 301 2958 interutraque
319 2890 404 2958 igitur
421 2889 487 2942 ferri
504 2890 603 2941 natura
620 2887 709 2940 locata

108 2965 182 3017 aeris
200 2964 246 3016 ubi
263 2967 371 3036 aceepit
389 2965 523 3035 quaedam
541 2963 709 3031 corpuscula,
727 2963 786 3015 tum
805 2961 845 3027 fit,

87 3037 232 3104 inpellant
250 3045 367 3099 0100000
386 3042 536 3114 Magnesia
551 3038 667 3095 humine
684 3053 759 3091 0000

68 3116 247 3172 0001001000
267 3119 344 3178 haec
363 3125 406 3179 ita
427 3126 496 3177 sunt
517 3120 640 3176 aliarum
655 3130 755 3169 rerum
770 3111 869 3171 010000,
934 3122 993 3161 xum

55 3185 93 3232 ‘lt
106 3187 190 3242 mihi
203 3199 306 3254 multa
328 3218 444 3273 parum
464 3213 579 3272 genero
599 3210 639 3248 ex
653 3193 714 3246 hoe
731 3180 950 3256 suppetitostur
