2040 3426
470 125 523 182 111
877 126 915 186 73

70 248 119 288 eur
136 232 232 288 eadem
249 232 338 289 credis
356 230 413 284 sine
430 243 544 296 corpore
561 227 590 281 in
607 244 671 283 aere
688 231 784 296 aperto

70 325 132 362 cum
148 308 246 363 validis
263 308 352 363 ventis
370 306 490 360 aetatem
508 302 609 370 degere
626 306 723 371 pessel

70 387 100 438 et
117 384 243 452 quoniam
260 387 382 438 mentem
400 379 497 446 sanari,
515 394 613 446 corpus
629 382 662 432 ut
678 397 799 447 aegrum,
879 394 916 433 uo

70 460 205 513 cernimus
222 463 251 514 et
268 460 341 512 flecti
358 457 492 510 medicina
509 470 590 524 posse
608 455 738 523 videmus,

69 534 100 587 id
117 551 226 603 quoque
242 534 380 604 praesagit
397 531 541 585 mortalem
559 530 651 584 vivere
668 534 794 585 mentem.

71 610 174 663 addere
191 610 263 663 enim
281 611 367 679 partis
384 611 432 662 aut
450 607 545 660 ordine
562 606 694 661 traiecere
711 610 835 661 aecumst

70 689 118 740 aut
136 685 240 752 aliquid
256 702 367 755 prosum
384 683 420 738 de
438 699 543 736 summa
559 682 705 736 detrahere
723 681 815 749 hilum,

70 765 239 816 commutare
254 755 374 815 animum
392 760 555 829 quicumque
573 757 698 811 adoritur
715 760 744 812 ct
761 756 823 812 infit
880 772 917 810 ms

71 841 119 891 aut
137 837 217 890 aliam
235 837 358 906 quamvis
374 840 499 890 naturam
517 834 629 889 flectere
647 833 762 900 quaerit.

71 916 101 966 at
119 929 209 981 neque
226 913 368 967 transferri
386 912 437 966 sibi
453 911 541 980 partis
558 926 608 964 nec
626 909 711 963 tribui
728 908 789 963 vult

70 988 215 1042 inmortale
232 989 306 1058 quod
323 992 366 1043 cst
383 986 526 1057 quiequam
543 1002 634 1054 neque
651 984 772 1039 defluere
789 984 882 1037 hilum.

71 1079 134 1116 nam
152 1063 341 1131 quodcumque
359 1065 414 1117 suis
431 1065 566 1116 mutatum
585 1061 684 1115 linibus
702 1062 767 1128 exit,

71 1139 199 1196 continue
216 1138 267 1191 hcc
284 1155 357 1191 mors
373 1141 417 1191 est
433 1137 505 1190 illius
523 1137 597 1205 quod
614 1137 668 1192 fuit
684 1141 756 1192 autc.
879 1151 916 1189 nso

71 1230 136 1281 ergo
154 1213 258 1266 animus
276 1213 332 1266 sive
349 1212 490 1280 aegrescit,
507 1213 633 1267 mortalia
650 1214 727 1281 signa

72 1289 166 1356 mittit,
184 1288 226 1341 uti
238 1287 331 1353 «docui,
349 1303 396 1341 seu
416 1286 536 1340 flectitur
553 1305 569 1340 a
586 1288 727 1342 medicina.

72 1379 160 1430 usque
177 1363 246 1416 adeo
264 1362 348 1415 falsae
366 1362 463 1416 rationi
480 1378 545 1414 vera
561 1363 672 1416 videtur

72 1456 116 1492 res
134 1454 277 1493 occurrere
294 1441 324 1492 et
341 1437 469 1506 effugium
486 1437 662 1506 praecludere
679 1438 755 1492 cunti

72 1514 237 1583 ancipitique
255 1514 377 1567 refutatu
394 1513 552 1568 convincere
571 1513 673 1567 falsum.
881 1529 918 1567 aas

108 1590 233 1657 Denique
252 1606 333 1657 saepe
350 1589 486 1642 hominem
504 1589 635 1657 paulatim
653 1590 788 1644 cemimus
804 1589 845 1643 ire

73 1668 103 1718 et
120 1665 293 1719 membratim
311 1665 420 1718 vitalem
439 1664 592 1733 deperdere
611 1682 733 1731 sensum;

72 1741 101 1793 in
118 1741 234 1809 pedibus
251 1740 369 1810 primum
387 1740 488 1808 digitos
505 1741 635 1795 livescere
653 1744 682 1795 ct
698 1741 802 1811 tinguis,

72 1816 136 1869 iude
153 1816 239 1886 pedes
256 1819 286 1870 et
302 1833 382 1871 crura
398 1821 475 1885 mori,
492 1821 555 1887 post
572 1817 636 1871 inda
653 1834 703 1885 per
721 1822 797 1872 artus

72 1892 113 1945 ire
131 1893 197 1946 alios
214 1893 324 1947 tractim
341 1892 425 1960 gelidi
443 1895 558 1961 vestigia
574 1893 630 1947 leti.
882 1909 918 1948 seo

73 1967 206 2021 scinditur
223 1969 300 2036 itque
318 1968 424 2021 animae
442 1968 493 2021 hoe
511 1968 640 2037 quoniam
656 1971 755 2022 natura
771 1985 822 2022 uec
837 1986 892 2022 uno

74 2047 196 2109 tompore
216 2043 321 2096 sincera
338 2043 440 2109 existit,
458 2043 581 2096 mortalis
598 2041 758 2097 habendast.

74 2118 148 2184 quod
165 2119 188 2171 si
206 2118 278 2171 forte
294 2121 376 2185 putas
393 2118 478 2185 ipsam
498 2133 527 2171 se
544 2133 624 2186 posse
640 2134 691 2186 per
708 2121 784 2171 artus

73 2193 208 2246 introsum
225 2193 336 2246 trahere
353 2196 383 2246 et
398 2193 486 2261 partis
504 2193 654 2247 conducere
671 2193 700 2245 in
717 2209 800 2246 unum

73 2271 157 2337 atque
174 2268 236 2321 ideo
254 2269 358 2321 eunctis
376 2284 484 2322 sensum
504 2268 640 2322 deducere
658 2267 796 2334 memhris,
884 2270 925 2320 535'

74 2347 104 2397 at
121 2343 196 2396 locus
213 2343 259 2397 ille
278 2346 377 2411 tamen,
397 2359 451 2413 quo
468 2345 546 2412 copia
562 2348 640 2398 tanta
656 2343 754 2398 ammai
792 2340 797 2370 ·'
804 2380 808 2387 -
818 2366 826 2388 2

74 2418 189 2486 cogitur,
207 2418 235 2471 iu
254 2435 334 2473 sensu
352 2419 435 2474 debet
452 2421 559 2474 maiore
572 2419 676 2487 videri3

74 2495 122 2562 q'ui
140 2493 267 2562 quoniam
285 2499 451 2564 nusquamst,
461 2496 596 2550 ¹nimirum
609 2495 649 2551 'ut'
664 2496 783 2552 diximus
798 2491 872 2563 alam,

74 2569 206 2624 dilaniata
223 2571 296 2624 foras
315 2570 489 2640 dispargitur,
507 2574 602 2628 interit
620 2591 693 2642 ergo.

73 2646 140 2713 quin
158 2646 241 2699 etiam
260 2646 282 2698 si
300 2646 457 2702 iam'libeat
475 2649 624 2704 concedere
642 2649 739 2703 falsum
831 2641 834 2650 ’
885 2661 921 2700 tro

74 2724 103 2774 et
122 2721 188 2774 dare
205 2737 284 2788 posse
302 2721 419 2775 animam
437 2722 582 2790 glomerari
600 2725 628 2777 in
646 2740 759 2791 corpore
776 2722 878 2788 eorum,
911 2726 915 2736 '

73 2795 176 2849 lumina
194 2796 241 2864 qui
258 2795 362 2849 lincunt
379 2798 534 2851 moribundi
552 2799 745 2867 particulatim,
846 2818 849 2835 ν

74 2871 217 2924 mortalem
235 2874 328 2924 tamen
346 2887 406 2924 esse
424 2873 541 2926 animam
560 2875 664 2927 fateare
681 2889 800 2938 neeesse,
867 2911 870 2918 -

73 2961 124 2998 nec
141 2946 226 3000 refert
243 2951 336 2999 utrum
354 2950 449 3015 pereat
466 2946 589 3017 dispersa
605 2965 655 3016 per
672 2964 752 3002 auras

74 3037 108 3074 an
126 3025 264 3076 contracta
282 3022 372 3078 suise
389 3023 515 3094 partibus
532 3024 731 3090 ottmteseer,
908 3027 956 3068 ses

71 3096 179 3161 quando
190 3097 435 3159 lmminerrrtotum
445 3101 541 3174 magis
552 3119 590 3158 ae
598 3101 698 3168 magis
706 3096 847 3158 dardique
856 3091 971 3136 sessus

60 3168 155 3224 delicit
173 3176 204 3227 ct
222 3175 298 3232 ritae
317 3180 417 3237 suiuus
436 3185 469 3240 ct
487 3182 594 3238 minus
607 3177 753 3245 undiquc
767 3162 885 3221 matat-
