<?xml version="1.0" encoding="UTF-8"?>
<!DOCTYPE html PUBLIC "-//W3C//DTD XHTML 1.0 Transitional//EN"
    "http://www.w3.org/TR/xhtml1/DTD/xhtml1-transitional.dtd">
<html xmlns="http://www.w3.org/1999/xhtml" xml:lang="en" lang="en">
 <head>
  <title>
</title>
<meta http-equiv="Content-Type" content="text/html;charset=utf-8" />
  <meta name='ocr-system' content='tesseract 3.04.00' />
  <meta name='ocr-capabilities' content='ocr_page ocr_carea ocr_par ocr_line ocrx_word'/>
</head>
<body>
  <div class='ocr_page' id='page_1' title='image "./dererumnaturali08carugoog/dererumnaturali08carugoog_0129.png"; bbox 0 0 2040 3426; ppageno 0'>
   <div class='ocr_carea' id='block_1_1' title="bbox 92 112 544 179">
    <p class='ocr_par' dir='ltr' id='par_1_1' title="bbox 92 112 544 179">
     <span class='ocr_line' id='line_1_1' title="bbox 92 112 544 179; baseline 0.002 0"><span class='ocrx_word' id='word_1_1' title='bbox 92 124 131 179; x_wconf 70' lang='lat' dir='ltr'>sl</span> <span class='ocrx_word' id='word_1_2' title='bbox 488 112 544 170; x_wconf 86' lang='grc' dir='ltr'>ΙΙΙ</span> 
     </span>
    </p>
   </div>
   <div class='ocr_carea' id='block_1_2' title="bbox 56 214 955 3247">
    <p class='ocr_par' dir='ltr' id='par_1_2' title="bbox 88 214 810 278">
     <span class='ocr_line' id='line_1_2' title="bbox 88 214 810 278; baseline -0.008 0"><span class='ocrx_word' id='word_1_3' title='bbox 88 222 232 278; x_wconf 84' lang='lat' dir='ltr'>mortalem</span> <span class='ocrx_word' id='word_1_4' title='bbox 249 219 334 275; x_wconf 81' lang='lat' dir='ltr'>vitam</span> <span class='ocrx_word' id='word_1_5' title='bbox 353 233 428 271; x_wconf 87' lang='lat' dir='ltr'>mors</span> <span class='ocrx_word' id='word_1_6' title='bbox 444 232 507 271; x_wconf 90' lang='lat' dir='ltr'>cum</span> <span class='ocrx_word' id='word_1_7' title='bbox 524 215 678 271; x_wconf 75' lang='lat' dir='ltr'>inmortalis</span> <span class='ocrx_word' id='word_1_8' title='bbox 694 214 810 273; x_wconf 75' lang='lat' dir='ltr'>ademit</span> 
     </span>
    </p>

    <p class='ocr_par' dir='ltr' id='par_1_3' title="bbox 85 291 955 2108">
     <span class='ocr_line' id='line_1_3' title="bbox 123 291 952 365; baseline 0 -14"><span class='ocrx_word' id='word_1_9' title='bbox 123 297 244 351; x_wconf 84' lang='lat' dir='ltr'><strong>Proinde</strong></span> <span class='ocrx_word' id='word_1_10' title='bbox 254 295 303 348; x_wconf 91' lang='lat' dir='ltr'>ubi</span> <span class='ocrx_word' id='word_1_11' title='bbox 315 309 345 348; x_wconf 89' lang='lat' dir='ltr'>se</span> <span class='ocrx_word' id='word_1_12' title='bbox 357 293 453 348; x_wconf 83' lang='lat' dir='ltr'>videas</span> <span class='ocrx_word' id='word_1_13' title='bbox 464 291 601 348; x_wconf 91' lang='lat' dir='ltr'>hominem</span> <span class='ocrx_word' id='word_1_14' title='bbox 612 291 783 361; x_wconf 79' lang='lat' dir='ltr'>indignarier</span> <span class='ocrx_word' id='word_1_15' title='bbox 794 294 899 365; x_wconf 84' lang='lat' dir='ltr'>ipsum,</span> <span class='ocrx_word' id='word_1_16' title='bbox 914 307 952 351; x_wconf 76' lang='lat' dir='ltr'>ete</span> 
     </span>
     <span class='ocr_line' id='line_1_4' title="bbox 85 371 851 444; baseline -0.004 -16"><span class='ocrx_word' id='word_1_17' title='bbox 85 376 150 444; x_wconf 91' lang='lat' dir='ltr'>post</span> <span class='ocrx_word' id='word_1_18' title='bbox 167 376 283 426; x_wconf 79' lang='lat' dir='ltr'>mortem</span> <span class='ocrx_word' id='word_1_19' title='bbox 302 372 360 425; x_wconf 83' lang='lat' dir='ltr'>iore</span> <span class='ocrx_word' id='word_1_20' title='bbox 377 373 410 424; x_wconf 89' lang='lat' dir='ltr'>ut</span> <span class='ocrx_word' id='word_1_21' title='bbox 426 372 476 423; x_wconf 82' lang='lat' dir='ltr'>aut</span> <span class='ocrx_word' id='word_1_22' title='bbox 493 371 619 438; x_wconf 79' lang='lat' dir='ltr'>putescat</span> <span class='ocrx_word' id='word_1_23' title='bbox 635 384 749 437; x_wconf 89' lang='lat' dir='ltr'>corpore</span> <span class='ocrx_word' id='word_1_24' title='bbox 767 375 851 439; x_wconf 86' lang='lat' dir='ltr'>posto</span> 
     </span>
     <span class='ocr_line' id='line_1_5' title="bbox 88 445 687 510; baseline -0.008 -9"><span class='ocrx_word' id='word_1_25' title='bbox 88 453 137 502; x_wconf 86' lang='lat' dir='ltr'>aut</span> <span class='ocrx_word' id='word_1_26' title='bbox 155 448 271 500; x_wconf 85' lang='lat' dir='ltr'>ssemmis</span> <span class='ocrx_word' id='word_1_27' title='bbox 289 448 412 501; x_wconf 87' lang='lat' dir='ltr'>interfiat</span> <span class='ocrx_word' id='word_1_28' title='bbox 429 445 542 498; x_wconf 80' lang='lat' dir='ltr'>malisve</span> <span class='ocrx_word' id='word_1_29' title='bbox 559 445 687 510; x_wconf 80' lang='lat' dir='ltr'>ferorum,</span> 
     </span>
     <span class='ocr_line' id='line_1_6' title="bbox 86 521 815 589; baseline 0 -12"><span class='ocrx_word' id='word_1_30' title='bbox 86 525 157 578; x_wconf 90' lang='lat' dir='ltr'>scire</span> <span class='ocrx_word' id='word_1_31' title='bbox 174 524 240 578; x_wconf 89' lang='lat' dir='ltr'>licet</span> <span class='ocrx_word' id='word_1_32' title='bbox 257 538 310 576; x_wconf 89' lang='lat' dir='ltr'>non</span> <span class='ocrx_word' id='word_1_33' title='bbox 329 523 463 576; x_wconf 86' lang='lat' dir='ltr'>sincerum</span> <span class='ocrx_word' id='word_1_34' title='bbox 483 537 579 574; x_wconf 90' lang='lat' dir='ltr'>sonere</span> <span class='ocrx_word' id='word_1_35' title='bbox 597 524 682 589; x_wconf 86' lang='lat' dir='ltr'>atque</span> <span class='ocrx_word' id='word_1_36' title='bbox 700 521 815 577; x_wconf 88' lang='lat' dir='ltr'>subesse</span> 
     </span>
     <span class='ocr_line' id='line_1_7' title="bbox 88 597 921 667; baseline -0.002 -14"><span class='ocrx_word' id='word_1_37' title='bbox 88 617 198 654; x_wconf 74' lang='lat' dir='ltr'>meeum</span> <span class='ocrx_word' id='word_1_38' title='bbox 216 598 336 667; x_wconf 83' lang='lat' dir='ltr'>aliquem</span> <span class='ocrx_word' id='word_1_39' title='bbox 354 597 429 651; x_wconf 90' lang='lat' dir='ltr'>cordi</span> <span class='ocrx_word' id='word_1_40' title='bbox 448 597 596 663; x_wconf 89' lang='lat' dir='ltr'>stimulum,</span> <span class='ocrx_word' id='word_1_41' title='bbox 614 598 738 664; x_wconf 84' lang='lat' dir='ltr'>quamvis</span> <span class='ocrx_word' id='word_1_42' title='bbox 756 602 843 666; x_wconf 75' lang='lat' dir='ltr'>neget</span> <span class='ocrx_word' id='word_1_43' title='bbox 860 598 921 667; x_wconf 89' lang='lat' dir='ltr'>ipse</span> 
     </span>
     <span class='ocr_line' id='line_1_8' title="bbox 86 672 951 742; baseline 0 -14"><span class='ocrx_word' id='word_1_44' title='bbox 86 675 200 729; x_wconf 87' lang='lat' dir='ltr'>credere</span> <span class='ocrx_word' id='word_1_45' title='bbox 211 691 241 729; x_wconf 90' lang='lat' dir='ltr'>se</span> <span class='ocrx_word' id='word_1_46' title='bbox 254 691 418 742; x_wconf 85' lang='lat' dir='ltr'>quemquam</span> <span class='ocrx_word' id='word_1_47' title='bbox 430 672 482 726; x_wconf 85' lang='lat' dir='ltr'>sibi</span> <span class='ocrx_word' id='word_1_48' title='bbox 494 688 602 726; x_wconf 89' lang='lat' dir='ltr'>sensum</span> <span class='ocrx_word' id='word_1_49' title='bbox 614 674 643 726; x_wconf 88' lang='lat' dir='ltr'>in</span> <span class='ocrx_word' id='word_1_50' title='bbox 654 678 745 728; x_wconf 85' lang='lat' dir='ltr'>morte</span> <span class='ocrx_word' id='word_1_51' title='bbox 756 673 890 728; x_wconf 77' lang='lat' dir='ltr'>futurum</span> <span class='ocrx_word' id='word_1_52' title='bbox 913 687 951 728; x_wconf 74' lang='lat' dir='ltr'>ers</span> 
     </span>
     <span class='ocr_line' id='line_1_9' title="bbox 88 748 881 820; baseline -0.001 -16"><span class='ocrx_word' id='word_1_53' title='bbox 88 768 150 819; x_wconf 84' lang='lat' dir='ltr'>non,</span> <span class='ocrx_word' id='word_1_54' title='bbox 167 755 199 805; x_wconf 87' lang='lat' dir='ltr'>ut</span> <span class='ocrx_word' id='word_1_55' title='bbox 217 751 322 820; x_wconf 85' lang='lat' dir='ltr'>opinor,</span> <span class='ocrx_word' id='word_1_56' title='bbox 340 750 411 804; x_wconf 88' lang='lat' dir='ltr'>enim</span> <span class='ocrx_word' id='word_1_57' title='bbox 430 749 480 803; x_wconf 84' lang='lat' dir='ltr'>dat</span> <span class='ocrx_word' id='word_1_58' title='bbox 498 748 571 817; x_wconf 90' lang='lat' dir='ltr'>quod</span> <span class='ocrx_word' id='word_1_59' title='bbox 589 748 729 817; x_wconf 87' lang='lat' dir='ltr'>promittit</span> <span class='ocrx_word' id='word_1_60' title='bbox 746 752 777 804; x_wconf 88' lang='lat' dir='ltr'>et</span> <span class='ocrx_word' id='word_1_61' title='bbox 794 748 881 815; x_wconf 84' lang='lat' dir='ltr'>unde,</span> 
     </span>
     <span class='ocr_line' id='line_1_10' title="bbox 87 825 671 892; baseline 0 -13"><span class='ocrx_word' id='word_1_62' title='bbox 87 844 137 881; x_wconf 85' lang='lat' dir='ltr'>nee</span> <span class='ocrx_word' id='word_1_63' title='bbox 155 827 286 881; x_wconf 81' lang='lat' dir='ltr'>radicitus</span> <span class='ocrx_word' id='word_1_64' title='bbox 304 843 320 880; x_wconf 93' lang='lat' dir='ltr'>e</span> <span class='ocrx_word' id='word_1_65' title='bbox 338 827 395 880; x_wconf 84' lang='lat' dir='ltr'>vita</span> <span class='ocrx_word' id='word_1_66' title='bbox 412 843 442 879; x_wconf 86' lang='lat' dir='ltr'>se</span> <span class='ocrx_word' id='word_1_67' title='bbox 460 825 534 879; x_wconf 90' lang='lat' dir='ltr'>tellit</span> <span class='ocrx_word' id='word_1_68' title='bbox 552 825 671 892; x_wconf 75' lang='lat' dir='ltr'>otoldi,</span> 
     </span>
     <span class='ocr_line' id='line_1_11' title="bbox 88 900 813 971; baseline -0.001 -16"><span class='ocrx_word' id='word_1_69' title='bbox 88 903 139 956; x_wconf 90' lang='lat' dir='ltr'>sed</span> <span class='ocrx_word' id='word_1_70' title='bbox 156 903 222 956; x_wconf 84' lang='lat' dir='ltr'>feeit</span> <span class='ocrx_word' id='word_1_71' title='bbox 239 918 299 956; x_wconf 91' lang='lat' dir='ltr'>esse</span> <span class='ocrx_word' id='word_1_72' title='bbox 318 902 358 953; x_wconf 91' lang='lat' dir='ltr'>sui</span> <span class='ocrx_word' id='word_1_73' title='bbox 378 901 510 969; x_wconf 85' lang='lat' dir='ltr'>quiddam</span> <span class='ocrx_word' id='word_1_74' title='bbox 528 917 611 970; x_wconf 89' lang='lat' dir='ltr'>super</span> <span class='ocrx_word' id='word_1_75' title='bbox 628 900 728 955; x_wconf 88' lang='lat' dir='ltr'>inscius</span> <span class='ocrx_word' id='word_1_76' title='bbox 745 901 813 971; x_wconf 88' lang='lat' dir='ltr'>ipse.</span> 
     </span>
     <span class='ocr_line' id='line_1_12' title="bbox 88 977 835 1046; baseline 0.003 -16"><span class='ocrx_word' id='word_1_77' title='bbox 88 978 164 1031; x_wconf 85' lang='lat' dir='ltr'>rivus</span> <span class='ocrx_word' id='word_1_78' title='bbox 182 978 255 1031; x_wconf 92' lang='lat' dir='ltr'>enim</span> <span class='ocrx_word' id='word_1_79' title='bbox 274 977 324 1030; x_wconf 87' lang='lat' dir='ltr'>sibi</span> <span class='ocrx_word' id='word_1_80' title='bbox 343 992 404 1030; x_wconf 88' lang='lat' dir='ltr'>cum</span> <span class='ocrx_word' id='word_1_81' title='bbox 422 977 550 1045; x_wconf 83' lang='lat' dir='ltr'>proponit</span> <span class='ocrx_word' id='word_1_82' title='bbox 567 978 683 1046; x_wconf 91' lang='lat' dir='ltr'>quisque</span> <span class='ocrx_word' id='word_1_83' title='bbox 700 977 835 1046; x_wconf 81' lang='lat' dir='ltr'>futurum,</span> 
     </span>
     <span class='ocr_line' id='line_1_13' title="bbox 87 1052 950 1121; baseline 0.001 -15"><span class='ocrx_word' id='word_1_84' title='bbox 87 1069 186 1120; x_wconf 88' lang='lat' dir='ltr'>eorpus</span> <span class='ocrx_word' id='word_1_85' title='bbox 204 1052 245 1106; x_wconf 88' lang='lat' dir='ltr'>uti</span> <span class='ocrx_word' id='word_1_86' title='bbox 264 1053 386 1105; x_wconf 88' lang='lat' dir='ltr'>volucres</span> <span class='ocrx_word' id='word_1_87' title='bbox 404 1052 526 1106; x_wconf 87' lang='lat' dir='ltr'>lacerent</span> <span class='ocrx_word' id='word_1_88' title='bbox 542 1054 570 1107; x_wconf 92' lang='lat' dir='ltr'>in</span> <span class='ocrx_word' id='word_1_89' title='bbox 587 1056 676 1107; x_wconf 88' lang='lat' dir='ltr'>morte</span> <span class='ocrx_word' id='word_1_90' title='bbox 694 1053 834 1121; x_wconf 80' lang='lat' dir='ltr'>seraeque,</span> <span class='ocrx_word' id='word_1_91' title='bbox 912 1066 950 1107; x_wconf 60' lang='grc' dir='ltr'><strong>Μ</strong></span> 
     </span>
     <span class='ocr_line' id='line_1_14' title="bbox 87 1127 802 1197; baseline 0 -15"><span class='ocrx_word' id='word_1_92' title='bbox 87 1129 146 1197; x_wconf 88' lang='lat' dir='ltr'>ipse</span> <span class='ocrx_word' id='word_1_93' title='bbox 165 1127 207 1181; x_wconf 88' lang='lat' dir='ltr'>sui</span> <span class='ocrx_word' id='word_1_94' title='bbox 225 1128 353 1192; x_wconf 90' lang='lat' dir='ltr'>miserct;</span> <span class='ocrx_word' id='word_1_95' title='bbox 371 1143 461 1196; x_wconf 87' lang='lat' dir='ltr'>oeque</span> <span class='ocrx_word' id='word_1_96' title='bbox 479 1129 551 1182; x_wconf 90' lang='lat' dir='ltr'>enim</span> <span class='ocrx_word' id='word_1_97' title='bbox 570 1146 599 1182; x_wconf 92' lang='lat' dir='ltr'>se</span> <span class='ocrx_word' id='word_1_98' title='bbox 617 1128 718 1182; x_wconf 90' lang='lat' dir='ltr'>dividit</span> <span class='ocrx_word' id='word_1_99' title='bbox 734 1127 802 1182; x_wconf 88' lang='lat' dir='ltr'>illim</span> 
     </span>
     <span class='ocr_line' id='line_1_15' title="bbox 88 1203 814 1272; baseline 0.004 -16"><span class='ocrx_word' id='word_1_100' title='bbox 88 1220 140 1258; x_wconf 90' lang='lat' dir='ltr'>nee</span> <span class='ocrx_word' id='word_1_101' title='bbox 157 1207 281 1258; x_wconf 88' lang='lat' dir='ltr'>removet</span> <span class='ocrx_word' id='word_1_102' title='bbox 298 1204 365 1257; x_wconf 84' lang='lat' dir='ltr'>satis</span> <span class='ocrx_word' id='word_1_103' title='bbox 383 1220 400 1257; x_wconf 83' lang='lat' dir='ltr'>a</span> <span class='ocrx_word' id='word_1_104' title='bbox 417 1204 539 1272; x_wconf 89' lang='lat' dir='ltr'>proiecto</span> <span class='ocrx_word' id='word_1_105' title='bbox 557 1220 670 1272; x_wconf 90' lang='lat' dir='ltr'>corpore</span> <span class='ocrx_word' id='word_1_106' title='bbox 688 1208 719 1257; x_wconf 86' lang='lat' dir='ltr'>et</span> <span class='ocrx_word' id='word_1_107' title='bbox 735 1203 814 1263; x_wconf 86' lang='lat' dir='ltr'>illum</span> 
     </span>
     <span class='ocr_line' id='line_1_16' title="bbox 89 1280 740 1350; baseline 0.003 -17"><span class='ocrx_word' id='word_1_108' title='bbox 89 1296 119 1333; x_wconf 91' lang='lat' dir='ltr'>se</span> <span class='ocrx_word' id='word_1_109' title='bbox 136 1280 217 1349; x_wconf 81' lang='lat' dir='ltr'>fingit</span> <span class='ocrx_word' id='word_1_110' title='bbox 234 1296 371 1350; x_wconf 89' lang='lat' dir='ltr'>sensuque</span> <span class='ocrx_word' id='word_1_111' title='bbox 390 1298 438 1334; x_wconf 92' lang='lat' dir='ltr'>suo</span> <span class='ocrx_word' id='word_1_112' title='bbox 456 1281 624 1335; x_wconf 82' lang='lat' dir='ltr'>contaminet</span> <span class='ocrx_word' id='word_1_113' title='bbox 641 1284 740 1335; x_wconf 79' lang='lat' dir='ltr'>astans</span> 
     </span>
     <span class='ocr_line' id='line_1_17' title="bbox 88 1355 758 1425; baseline 0.003 -17"><span class='ocrx_word' id='word_1_114' title='bbox 88 1355 151 1411; x_wconf 89' lang='lat' dir='ltr'>hine</span> <span class='ocrx_word' id='word_1_115' title='bbox 168 1356 328 1425; x_wconf 77' lang='lat' dir='ltr'>indignatur</span> <span class='ocrx_word' id='word_1_116' title='bbox 345 1373 375 1410; x_wconf 92' lang='lat' dir='ltr'>se</span> <span class='ocrx_word' id='word_1_117' title='bbox 393 1357 538 1410; x_wconf 84' lang='lat' dir='ltr'>mortalem</span> <span class='ocrx_word' id='word_1_118' title='bbox 556 1374 617 1411; x_wconf 88' lang='lat' dir='ltr'>esse</span> <span class='ocrx_word' id='word_1_119' title='bbox 634 1360 758 1410; x_wconf 81' lang='lat' dir='ltr'>creatum</span> 
     </span>
     <span class='ocr_line' id='line_1_18' title="bbox 89 1431 955 1499; baseline 0.002 -13"><span class='ocrx_word' id='word_1_120' title='bbox 89 1449 139 1487; x_wconf 90' lang='lat' dir='ltr'>nec</span> <span class='ocrx_word' id='word_1_121' title='bbox 157 1433 234 1488; x_wconf 86' lang='lat' dir='ltr'>videt</span> <span class='ocrx_word' id='word_1_122' title='bbox 251 1434 280 1487; x_wconf 93' lang='lat' dir='ltr'>in</span> <span class='ocrx_word' id='word_1_123' title='bbox 297 1449 363 1488; x_wconf 85' lang='lat' dir='ltr'>rere</span> <span class='ocrx_word' id='word_1_124' title='bbox 381 1434 484 1487; x_wconf 88' lang='lat' dir='ltr'>nullum</span> <span class='ocrx_word' id='word_1_125' title='bbox 502 1433 560 1486; x_wconf 88' lang='lat' dir='ltr'>fore</span> <span class='ocrx_word' id='word_1_126' title='bbox 578 1436 667 1499; x_wconf 86' lang='lat' dir='ltr'>morte</span> <span class='ocrx_word' id='word_1_127' title='bbox 685 1431 770 1487; x_wconf 87' lang='lat' dir='ltr'>alium</span> <span class='ocrx_word' id='word_1_128' title='bbox 787 1449 818 1487; x_wconf 88' lang='lat' dir='ltr'>se</span> <span class='ocrx_word' id='word_1_129' title='bbox 912 1449 955 1488; x_wconf 72' lang='lat' dir='ltr'>sss</span> 
     </span>
     <span class='ocr_line' id='line_1_19' title="bbox 89 1509 758 1578; baseline -0.001 -17"><span class='ocrx_word' id='word_1_130' title='bbox 89 1509 136 1576; x_wconf 92' lang='lat' dir='ltr'>qui</span> <span class='ocrx_word' id='word_1_131' title='bbox 154 1510 241 1577; x_wconf 90' lang='lat' dir='ltr'>possit</span> <span class='ocrx_word' id='word_1_132' title='bbox 258 1509 336 1562; x_wconf 82' lang='lat' dir='ltr'>rivus</span> <span class='ocrx_word' id='word_1_133' title='bbox 354 1509 405 1562; x_wconf 89' lang='lat' dir='ltr'>sibi</span> <span class='ocrx_word' id='word_1_134' title='bbox 426 1526 455 1562; x_wconf 87' lang='lat' dir='ltr'>se</span> <span class='ocrx_word' id='word_1_135' title='bbox 473 1509 567 1576; x_wconf 85' lang='lat' dir='ltr'>lugere</span> <span class='ocrx_word' id='word_1_136' title='bbox 585 1516 758 1578; x_wconf 85' lang='lat' dir='ltr'>peremptum</span> 
     </span>
     <span class='ocr_line' id='line_1_20' title="bbox 89 1583 761 1651; baseline 0.003 -16"><span class='ocrx_word' id='word_1_137' title='bbox 89 1587 220 1651; x_wconf 86' lang='lat' dir='ltr'>stansque</span> <span class='ocrx_word' id='word_1_138' title='bbox 236 1585 371 1637; x_wconf 86' lang='lat' dir='ltr'>iacentem</span> <span class='ocrx_word' id='word_1_139' title='bbox 389 1601 416 1636; x_wconf 79' lang='lat' dir='ltr'>se</span> <span class='ocrx_word' id='word_1_140' title='bbox 434 1585 546 1638; x_wconf 86' lang='lat' dir='ltr'>lacerari</span> <span class='ocrx_word' id='word_1_141' title='bbox 565 1585 642 1639; x_wconf 85' lang='lat' dir='ltr'>urive</span> <span class='ocrx_word' id='word_1_142' title='bbox 660 1583 761 1638; x_wconf 90' lang='lat' dir='ltr'>dolere.</span> 
     </span>
     <span class='ocr_line' id='line_1_21' title="bbox 89 1659 895 1729; baseline 0.01 -19"><span class='ocrx_word' id='word_1_143' title='bbox 89 1674 152 1711; x_wconf 89' lang='lat' dir='ltr'>nam</span> <span class='ocrx_word' id='word_1_144' title='bbox 171 1660 193 1711; x_wconf 93' lang='lat' dir='ltr'>si</span> <span class='ocrx_word' id='word_1_145' title='bbox 211 1659 240 1711; x_wconf 93' lang='lat' dir='ltr'>in</span> <span class='ocrx_word' id='word_1_146' title='bbox 257 1663 346 1712; x_wconf 88' lang='lat' dir='ltr'>morte</span> <span class='ocrx_word' id='word_1_147' title='bbox 364 1660 492 1713; x_wconf 84' lang='lat' dir='ltr'>malumst</span> <span class='ocrx_word' id='word_1_148' title='bbox 511 1660 590 1714; x_wconf 81' lang='lat' dir='ltr'>nralis</span> <span class='ocrx_word' id='word_1_149' title='bbox 607 1676 754 1729; x_wconf 84' lang='lat' dir='ltr'>nrorsuque</span> <span class='ocrx_word' id='word_1_150' title='bbox 772 1661 895 1717; x_wconf 80' lang='lat' dir='ltr'>serarum</span> 
     </span>
     <span class='ocr_line' id='line_1_22' title="bbox 88 1734 745 1805; baseline 0.006 -19"><span class='ocrx_word' id='word_1_151' title='bbox 88 1734 210 1801; x_wconf 83' lang='lat' dir='ltr'>tractari,</span> <span class='ocrx_word' id='word_1_152' title='bbox 228 1749 281 1786; x_wconf 92' lang='lat' dir='ltr'>non</span> <span class='ocrx_word' id='word_1_153' title='bbox 300 1734 407 1787; x_wconf 90' lang='lat' dir='ltr'>invenio</span> <span class='ocrx_word' id='word_1_154' title='bbox 425 1736 543 1805; x_wconf 56' lang='lat' dir='ltr'>quiniou</span> <span class='ocrx_word' id='word_1_155' title='bbox 562 1736 598 1790; x_wconf 90' lang='lat' dir='ltr'>sit</span> <span class='ocrx_word' id='word_1_156' title='bbox 616 1735 745 1790; x_wconf 86' lang='lat' dir='ltr'>acerbum</span> 
     </span>
     <span class='ocr_line' id='line_1_23' title="bbox 87 1808 951 1876; baseline 0.012 -15"><span class='ocrx_word' id='word_1_157' title='bbox 87 1808 196 1876; x_wconf 78' lang='lat' dir='ltr'>ignibus</span> <span class='ocrx_word' id='word_1_158' title='bbox 213 1810 361 1876; x_wconf 90' lang='lat' dir='ltr'>inpositum</span> <span class='ocrx_word' id='word_1_159' title='bbox 380 1811 475 1864; x_wconf 86' lang='lat' dir='ltr'>calidis</span> <span class='ocrx_word' id='word_1_160' title='bbox 494 1822 645 1866; x_wconf 85' lang='lat' dir='ltr'>torrescere</span> <span class='ocrx_word' id='word_1_161' title='bbox 662 1811 779 1866; x_wconf 86' lang='lat' dir='ltr'>flammis</span> <span class='ocrx_word' id='word_1_162' title='bbox 911 1830 951 1871; x_wconf 80' lang='lat' dir='ltr'>sse</span> 
     </span>
     <span class='ocr_line' id='line_1_24' title="bbox 88 1884 736 1956; baseline 0.008 -19"><span class='ocrx_word' id='word_1_163' title='bbox 88 1887 137 1938; x_wconf 86' lang='lat' dir='ltr'>aut</span> <span class='ocrx_word' id='word_1_164' title='bbox 155 1884 183 1936; x_wconf 93' lang='lat' dir='ltr'>in</span> <span class='ocrx_word' id='word_1_165' title='bbox 201 1885 282 1938; x_wconf 92' lang='lat' dir='ltr'>melle</span> <span class='ocrx_word' id='word_1_166' title='bbox 301 1886 382 1939; x_wconf 89' lang='lat' dir='ltr'>situm</span> <span class='ocrx_word' id='word_1_167' title='bbox 402 1887 527 1940; x_wconf 80' lang='lat' dir='ltr'>suffocari</span> <span class='ocrx_word' id='word_1_168' title='bbox 544 1892 629 1956; x_wconf 80' lang='lat' dir='ltr'>etque</span> <span class='ocrx_word' id='word_1_169' title='bbox 647 1887 736 1956; x_wconf 87' lang='lat' dir='ltr'>rigere</span> 
     </span>
     <span class='ocr_line' id='line_1_25' title="bbox 86 1960 819 2032; baseline 0.01 -19"><span class='ocrx_word' id='word_1_170' title='bbox 86 1960 194 2030; x_wconf 84' lang='lat' dir='ltr'>frigore,</span> <span class='ocrx_word' id='word_1_171' title='bbox 213 1979 273 2016; x_wconf 88' lang='lat' dir='ltr'>cum</span> <span class='ocrx_word' id='word_1_172' title='bbox 293 1978 397 2016; x_wconf 87' lang='lat' dir='ltr'>summo</span> <span class='ocrx_word' id='word_1_173' title='bbox 414 1964 498 2031; x_wconf 84' lang='lat' dir='ltr'>gelidi</span> <span class='ocrx_word' id='word_1_174' title='bbox 517 1964 600 2018; x_wconf 90' lang='lat' dir='ltr'>cubat</span> <span class='ocrx_word' id='word_1_175' title='bbox 616 1981 735 2032; x_wconf 87' lang='lat' dir='ltr'>aequore</span> <span class='ocrx_word' id='word_1_176' title='bbox 752 1967 819 2032; x_wconf 82' lang='lat' dir='ltr'>saxi,</span> 
     </span>
     <span class='ocr_line' id='line_1_26' title="bbox 88 2038 759 2108; baseline 0.007 -18"><span class='ocrx_word' id='word_1_177' title='bbox 88 2038 215 2105; x_wconf 80' lang='lat' dir='ltr'>urgerive</span> <span class='ocrx_word' id='word_1_178' title='bbox 232 2055 350 2107; x_wconf 88' lang='lat' dir='ltr'>superne</span> <span class='ocrx_word' id='word_1_179' title='bbox 368 2039 501 2094; x_wconf 89' lang='lat' dir='ltr'>obtritum</span> <span class='ocrx_word' id='word_1_180' title='bbox 520 2041 641 2108; x_wconf 89' lang='lat' dir='ltr'>pondere</span> <span class='ocrx_word' id='word_1_181' title='bbox 659 2046 759 2095; x_wconf 87' lang='lat' dir='ltr'>terrac.</span> 
     </span>
    </p>

    <p class='ocr_par' dir='ltr' id='par_1_4' title="bbox 87 2114 948 2869">
     <span class='ocr_line' id='line_1_27' title="bbox 124 2114 936 2185; baseline 0.009 -19"><span class='ocrx_word' id='word_1_182' title='bbox 124 2114 198 2167; x_wconf 84' lang='lat' dir='ltr'>‘Iam</span> <span class='ocrx_word' id='word_1_183' title='bbox 217 2115 270 2168; x_wconf 83' lang='lat' dir='ltr'>iam</span> <span class='ocrx_word' id='word_1_184' title='bbox 290 2133 344 2168; x_wconf 86' lang='lat' dir='ltr'>non</span> <span class='ocrx_word' id='word_1_185' title='bbox 363 2116 459 2170; x_wconf 89' lang='lat' dir='ltr'>domus</span> <span class='ocrx_word' id='word_1_186' title='bbox 477 2115 591 2185; x_wconf 83' lang='lat' dir='ltr'>accipiet</span> <span class='ocrx_word' id='word_1_187' title='bbox 609 2116 844 2184; x_wconf 81' lang='lat' dir='ltr'>teleeta,1reque</span> <span class='ocrx_word' id='word_1_188' title='bbox 864 2136 936 2173; x_wconf 79' lang='lat' dir='ltr'>uror·</span> 
     </span>
     <span class='ocr_line' id='line_1_28' title="bbox 88 2190 948 2256; baseline 0.014 -17"><span class='ocrx_word' id='word_1_189' title='bbox 88 2190 191 2256; x_wconf 83' lang='lat' dir='ltr'>optime</span> <span class='ocrx_word' id='word_1_190' title='bbox 208 2207 258 2244; x_wconf 88' lang='lat' dir='ltr'>nec</span> <span class='ocrx_word' id='word_1_191' title='bbox 276 2191 370 2244; x_wconf 88' lang='lat' dir='ltr'>dulces</span> <span class='ocrx_word' id='word_1_192' title='bbox 388 2198 530 2246; x_wconf 87' lang='lat' dir='ltr'>occurrent</span> <span class='ocrx_word' id='word_1_193' title='bbox 548 2193 640 2246; x_wconf 86' lang='lat' dir='ltr'>oscula</span> <span class='ocrx_word' id='word_1_194' title='bbox 656 2193 713 2246; x_wconf 83' lang='lat' dir='ltr'>neti</span> <span class='ocrx_word' id='word_1_195' title='bbox 909 2212 948 2251; x_wconf 78' lang='lat' dir='ltr'>sas</span> 
     </span>
     <span class='ocr_line' id='line_1_29' title="bbox 89 2265 809 2336; baseline 0.006 -20"><span class='ocrx_word' id='word_1_196' title='bbox 89 2265 246 2334; x_wconf 84' lang='lat' dir='ltr'>praeripere</span> <span class='ocrx_word' id='word_1_197' title='bbox 264 2269 293 2320; x_wconf 84' lang='lat' dir='ltr'>et</span> <span class='ocrx_word' id='word_1_198' title='bbox 311 2267 396 2320; x_wconf 82' lang='lat' dir='ltr'>tacita</span> <span class='ocrx_word' id='word_1_199' title='bbox 412 2272 508 2334; x_wconf 89' lang='lat' dir='ltr'>pectus</span> <span class='ocrx_word' id='word_1_200' title='bbox 527 2267 671 2322; x_wconf 86' lang='lat' dir='ltr'>dulcedine</span> <span class='ocrx_word' id='word_1_201' title='bbox 688 2272 809 2336; x_wconf 84' lang='lat' dir='ltr'>tangent.</span> 
     </span>
     <span class='ocr_line' id='line_1_30' title="bbox 89 2342 751 2413; baseline 0.012 -23"><span class='ocrx_word' id='word_1_202' title='bbox 89 2354 144 2391; x_wconf 90' lang='lat' dir='ltr'>non</span> <span class='ocrx_word' id='word_1_203' title='bbox 160 2342 265 2409; x_wconf 87' lang='lat' dir='ltr'>poteris</span> <span class='ocrx_word' id='word_1_204' title='bbox 282 2343 361 2396; x_wconf 82' lang='lat' dir='ltr'>factis</span> <span class='ocrx_word' id='word_1_205' title='bbox 378 2343 538 2398; x_wconf 88' lang='lat' dir='ltr'>florentibus</span> <span class='ocrx_word' id='word_1_206' title='bbox 556 2361 623 2411; x_wconf 88' lang='lat' dir='ltr'>esse,</span> <span class='ocrx_word' id='word_1_207' title='bbox 642 2345 751 2413; x_wconf 87' lang='lat' dir='ltr'>tuisque</span> 
     </span>
     <span class='ocr_line' id='line_1_31' title="bbox 88 2415 838 2480; baseline 0.013 -16"><span class='ocrx_word' id='word_1_208' title='bbox 88 2415 263 2480; x_wconf 80' lang='lat' dir='ltr'>praesidium.</span> <span class='ocrx_word' id='word_1_209' title='bbox 282 2418 382 2471; x_wconf 89' lang='lat' dir='ltr'>misero</span> <span class='ocrx_word' id='word_1_210' title='bbox 400 2420 505 2472; x_wconf 87' lang='lat' dir='ltr'>misere’</span> <span class='ocrx_word' id='word_1_211' title='bbox 525 2420 601 2473; x_wconf 85' lang='lat' dir='ltr'>aiunt</span> <span class='ocrx_word' id='word_1_212' title='bbox 620 2422 717 2474; x_wconf 88' lang='lat' dir='ltr'>‘omnia</span> <span class='ocrx_word' id='word_1_213' title='bbox 734 2421 838 2474; x_wconf 81' lang='lat' dir='ltr'>ademit</span> 
     </span>
     <span class='ocr_line' id='line_1_32' title="bbox 90 2487 713 2562; baseline 0.018 -23"><span class='ocrx_word' id='word_1_214' title='bbox 90 2503 144 2540; x_wconf 86' lang='lat' dir='ltr'>una</span> <span class='ocrx_word' id='word_1_215' title='bbox 162 2487 222 2542; x_wconf 89' lang='lat' dir='ltr'>dies</span> <span class='ocrx_word' id='word_1_216' title='bbox 238 2489 339 2544; x_wconf 85' lang='lat' dir='ltr'>infesta</span> <span class='ocrx_word' id='word_1_217' title='bbox 357 2492 407 2545; x_wconf 91' lang='lat' dir='ltr'>tibi</span> <span class='ocrx_word' id='word_1_218' title='bbox 427 2498 468 2547; x_wconf 87' lang='lat' dir='ltr'>tot</span> <span class='ocrx_word' id='word_1_219' title='bbox 486 2496 608 2562; x_wconf 84' lang='lat' dir='ltr'>praemio</span> <span class='ocrx_word' id='word_1_220' title='bbox 624 2496 713 2551; x_wconf 84' lang='lat' dir='ltr'>ritae’</span> 
     </span>
     <span class='ocr_line' id='line_1_33' title="bbox 87 2562 948 2631; baseline 0.02 -17"><span class='ocrx_word' id='word_1_221' title='bbox 87 2562 156 2616; x_wconf 89' lang='lat' dir='ltr'>illud</span> <span class='ocrx_word' id='word_1_222' title='bbox 174 2563 201 2615; x_wconf 89' lang='lat' dir='ltr'>in</span> <span class='ocrx_word' id='word_1_223' title='bbox 220 2562 262 2617; x_wconf 88' lang='lat' dir='ltr'>his</span> <span class='ocrx_word' id='word_1_224' title='bbox 280 2565 362 2620; x_wconf 89' lang='lat' dir='ltr'>rebus</span> <span class='ocrx_word' id='word_1_225' title='bbox 380 2585 431 2620; x_wconf 91' lang='lat' dir='ltr'>non</span> <span class='ocrx_word' id='word_1_226' title='bbox 450 2569 556 2625; x_wconf 88' lang='lat' dir='ltr'>addunt</span> <span class='ocrx_word' id='word_1_227' title='bbox 573 2573 635 2627; x_wconf 87' lang='lat' dir='ltr'>‘nee</span> <span class='ocrx_word' id='word_1_228' title='bbox 653 2572 703 2626; x_wconf 87' lang='lat' dir='ltr'>tibi</span> <span class='ocrx_word' id='word_1_229' title='bbox 721 2589 814 2626; x_wconf 88' lang='lat' dir='ltr'>earum</span> <span class='ocrx_word' id='word_1_230' title='bbox 909 2591 948 2631; x_wconf 83' lang='lat' dir='ltr'>so</span> 
     </span>
     <span class='ocr_line' id='line_1_34' title="bbox 87 2639 743 2714; baseline 0.015 -23"><span class='ocrx_word' id='word_1_231' title='bbox 87 2639 142 2692; x_wconf 86' lang='lat' dir='ltr'>iam</span> <span class='ocrx_word' id='word_1_232' title='bbox 161 2639 326 2694; x_wconf 88' lang='lat' dir='ltr'>desiderium</span> <span class='ocrx_word' id='word_1_233' title='bbox 346 2659 437 2696; x_wconf 87' lang='lat' dir='ltr'>rerum</span> <span class='ocrx_word' id='word_1_234' title='bbox 456 2662 538 2714; x_wconf 87' lang='lat' dir='ltr'>super</span> <span class='ocrx_word' id='word_1_235' title='bbox 555 2647 657 2702; x_wconf 86' lang='lat' dir='ltr'>insidet</span> <span class='ocrx_word' id='word_1_236' title='bbox 675 2649 743 2702; x_wconf 67' lang='lat' dir='ltr'>una.¹</span> 
     </span>
     <span class='ocr_line' id='line_1_35' title="bbox 89 2716 858 2792; baseline 0.014 -26"><span class='ocrx_word' id='word_1_237' title='bbox 89 2716 164 2784; x_wconf 88' lang='lat' dir='ltr'>quod</span> <span class='ocrx_word' id='word_1_238' title='bbox 180 2716 251 2772; x_wconf 89' lang='lat' dir='ltr'>bene</span> <span class='ocrx_word' id='word_1_239' title='bbox 270 2717 292 2770; x_wconf 90' lang='lat' dir='ltr'>si</span> <span class='ocrx_word' id='word_1_240' title='bbox 311 2719 422 2773; x_wconf 84' lang='lat' dir='ltr'>rideant</span> <span class='ocrx_word' id='word_1_241' title='bbox 439 2721 528 2775; x_wconf 85' lang='lat' dir='ltr'>animo</span> <span class='ocrx_word' id='word_1_242' title='bbox 547 2722 682 2792; x_wconf 87' lang='lat' dir='ltr'>dictisque</span> <span class='ocrx_word' id='word_1_243' title='bbox 701 2734 858 2792; x_wconf 84' lang='lat' dir='ltr'>sequentur,</span> 
     </span>
     <span class='ocr_line' id='line_1_36' title="bbox 88 2791 774 2869; baseline 0.015 -25"><span class='ocrx_word' id='word_1_244' title='bbox 88 2791 239 2849; x_wconf 85' lang='lat' dir='ltr'>dissoluant</span> <span class='ocrx_word' id='word_1_245' title='bbox 256 2795 336 2848; x_wconf 84' lang='lat' dir='ltr'>animi</span> <span class='ocrx_word' id='word_1_246' title='bbox 357 2812 452 2863; x_wconf 78' lang='lat' dir='ltr'>inegrro</span> <span class='ocrx_word' id='word_1_247' title='bbox 471 2813 500 2849; x_wconf 87' lang='lat' dir='ltr'>se</span> <span class='ocrx_word' id='word_1_248' title='bbox 518 2813 619 2866; x_wconf 83' lang='lat' dir='ltr'>angore</span> <span class='ocrx_word' id='word_1_249' title='bbox 637 2806 774 2869; x_wconf 91' lang='lat' dir='ltr'>metuque.</span> 
     </span>
    </p>

    <p class='ocr_par' dir='ltr' id='par_1_5' title="bbox 56 2868 946 3247">
     <span class='ocr_line' id='line_1_37' title="bbox 88 2868 765 2941; baseline 0.015 -22"><span class='ocrx_word' id='word_1_250' title='bbox 88 2868 132 2920; x_wconf 90' lang='lat' dir='ltr'>‘tu</span> <span class='ocrx_word' id='word_1_251' title='bbox 149 2871 261 2937; x_wconf 90' lang='lat' dir='ltr'>quidem</span> <span class='ocrx_word' id='word_1_252' title='bbox 280 2875 311 2926; x_wconf 90' lang='lat' dir='ltr'>ut</span> <span class='ocrx_word' id='word_1_253' title='bbox 328 2887 358 2925; x_wconf 89' lang='lat' dir='ltr'>es</span> <span class='ocrx_word' id='word_1_254' title='bbox 376 2872 432 2925; x_wconf 91' lang='lat' dir='ltr'>leto</span> <span class='ocrx_word' id='word_1_255' title='bbox 450 2873 562 2941; x_wconf 89' lang='lat' dir='ltr'>sopitus,</span> <span class='ocrx_word' id='word_1_256' title='bbox 581 2875 618 2928; x_wconf 89' lang='lat' dir='ltr'>sic</span> <span class='ocrx_word' id='word_1_257' title='bbox 636 2876 690 2929; x_wconf 89' lang='lat' dir='ltr'>eris</span> <span class='ocrx_word' id='word_1_258' title='bbox 706 2876 765 2929; x_wconf 86' lang='lat' dir='ltr'>aevi</span> 
     </span>
     <span class='ocr_line' id='line_1_38' title="bbox 88 2943 946 3019; baseline 0.019 -26"><span class='ocrx_word' id='word_1_259' title='bbox 88 2943 163 3008; x_wconf 89' lang='lat' dir='ltr'>quod</span> <span class='ocrx_word' id='word_1_260' title='bbox 180 2951 306 3014; x_wconf 86' lang='lat' dir='ltr'>superest</span> <span class='ocrx_word' id='word_1_261' title='bbox 323 2948 427 3002; x_wconf 89' lang='lat' dir='ltr'>eunetis</span> <span class='ocrx_word' id='word_1_262' title='bbox 445 2949 560 3017; x_wconf 81' lang='lat' dir='ltr'>privatu&#39;</span> <span class='ocrx_word' id='word_1_263' title='bbox 579 2950 718 3005; x_wconf 91' lang='lat' dir='ltr'>doloribus</span> <span class='ocrx_word' id='word_1_264' title='bbox 734 2950 831 3019; x_wconf 84' lang='lat' dir='ltr'>aegris.</span> <span class='ocrx_word' id='word_1_265' title='bbox 906 2969 946 3009; x_wconf 78' lang='lat' dir='ltr'>ss</span> 
     </span>
     <span class='ocr_line' id='line_1_39' title="bbox 86 3018 753 3099; baseline 0.021 -32"><span class='ocrx_word' id='word_1_266' title='bbox 86 3018 118 3099; x_wconf 71' lang='lat' dir='ltr'>et</span> <span class='ocrx_word' id='word_1_267' title='bbox 135 3032 184 3070; x_wconf 91' lang='lat' dir='ltr'>nos</span> <span class='ocrx_word' id='word_1_268' title='bbox 201 3020 327 3076; x_wconf 87' lang='lat' dir='ltr'>horrifico</span> <span class='ocrx_word' id='word_1_269' title='bbox 344 3024 506 3079; x_wconf 83' lang='lat' dir='ltr'>cinefactum</span> <span class='ocrx_word' id='word_1_270' title='bbox 523 3028 553 3078; x_wconf 89' lang='lat' dir='ltr'>te</span> <span class='ocrx_word' id='word_1_271' title='bbox 570 3042 656 3094; x_wconf 89' lang='lat' dir='ltr'>prope</span> <span class='ocrx_word' id='word_1_272' title='bbox 672 3026 753 3081; x_wconf 86' lang='lat' dir='ltr'>busto</span> 
     </span>
     <span class='ocr_line' id='line_1_40' title="bbox 74 3090 685 3170; baseline 0.026 -32"><span class='ocrx_word' id='word_1_273' title='bbox 74 3090 275 3151; x_wconf 74' lang='lat' dir='ltr'>rasatrbbibter</span> <span class='ocrx_word' id='word_1_274' title='bbox 291 3098 464 3169; x_wconf 78' lang='lat' dir='ltr'>deflevimus,</span> <span class='ocrx_word' id='word_1_275' title='bbox 481 3105 685 3170; x_wconf 82' lang='lat' dir='ltr'>aeternumque</span> 
     </span>
     <span class='ocr_line' id='line_1_41' title="bbox 56 3163 811 3247; baseline 0.017 -38"><span class='ocrx_word' id='word_1_276' title='bbox 56 3163 137 3216; x_wconf 78' lang='lat' dir='ltr'>mrlla</span> <span class='ocrx_word' id='word_1_277' title='bbox 157 3167 221 3223; x_wconf 79' lang='lat' dir='ltr'>dics</span> <span class='ocrx_word' id='word_1_278' title='bbox 238 3174 326 3229; x_wconf 82' lang='lat' dir='ltr'>nobis</span> <span class='ocrx_word' id='word_1_279' title='bbox 346 3194 512 3234; x_wconf 84' lang='lat' dir='ltr'>maerorem</span> <span class='ocrx_word' id='word_1_280' title='bbox 533 3179 686 3247; x_wconf 84' lang='lat' dir='ltr'>epcetore</span> <span class='ocrx_word' id='word_1_281' title='bbox 705 3173 811 3226; x_wconf 57' lang='lat' dir='ltr'>demeti</span> 
     </span>
    </p>
   </div>
   <div class='ocr_carea' id='block_1_3' title="bbox 0 0 1024 3426">
    <p class='ocr_par' dir='ltr' id='par_1_6' title="bbox 0 0 1024 3426">
     <span class='ocr_line' id='line_1_42' title="bbox 0 0 1024 3426; baseline 0 0"><span class='ocrx_word' id='word_1_282' title='bbox 0 0 1024 3426; x_wconf 95' lang='lat' dir='ltr'> </span> 
     </span>
    </p>
   </div>
   <div class='ocr_carea' id='block_1_4' title="bbox 25 3360 79 3394">
    <p class='ocr_par' dir='ltr' id='par_1_7' title="bbox 25 3360 79 3394">
     <span class='ocr_line' id='line_1_43' title="bbox 25 3360 79 3394; baseline 0 0"><span class='ocrx_word' id='word_1_283' title='bbox 25 3360 79 3394; x_wconf 58' lang='lat' dir='ltr'>h</span> 
     </span>
    </p>
   </div>
  </div>
 </body>
</html>
