2040 3426
81 126 137 179 ’νῶι
474 117 526 177 VI

76 223 243 292 corporibus,
260 223 305 276 cui
321 222 360 274 nil
377 221 488 275 omnino
504 220 640 276 obsistere
656 223 752 291 possit

77 300 177 352 transit
193 299 267 351 enim
284 298 405 351 validum
421 298 526 351 fulmen
543 314 595 367 per
612 303 707 366 saepta
724 300 881 370 domorum,

76 375 179 427 chmor
195 380 228 427 ιιι
244 391 277 427 sc
294 391 381 441 roem,
398 374 499 427 transit
516 390 567 443 per
584 391 659 442 saxa,
675 392 727 443 per
743 393 816 444 acra,
889 402 893 411 ·

76 453 108 502 et
123 449 257 518 liquidnm
274 455 376 519 puncto
391 451 457 502 ferit
474 466 522 503 aes
538 450 568 502 in
584 454 711 518 tempore
728 455 759 504 ot
775 469 883 518 aurum,
901 468 940 507 mo

78 530 158 578 curat
174 525 243 579 item
260 527 333 578 rasis
349 526 465 592 integris
483 526 547 578 rina
563 530 680 594 repente

78 600 232 668 diffugiant,
249 602 314 670 quia
330 601 459 654 nimirum
475 602 555 655 facile
572 602 663 654 omnia
679 602 784 655 circum

78 677 207 731 conlaxat
223 694 340 746 rareque
357 678 425 731 facit
440 678 602 731 lateramina
618 678 692 730 uasis

80 753 228 808 adveniens
244 755 318 808 eilor
334 755 393 807 eius
409 759 440 808 et
456 755 609 807 insinuatus
626 755 656 806 in
672 755 763 822 ipsum

81 830 221 884 mobiliter
237 831 345 885 soluens
362 831 456 885 diflert
471 830 623 899 primordia
639 830 702 882 riui.
903 847 940 886 ait

81 907 156 973 quod
172 908 236 961 solis
252 924 338 976 rupor
354 911 474 961 aetutem
491 923 545 960 non
563 923 643 974 posse
660 906 772 958 videtur

81 982 189 1036 efficere
205 999 291 1051 usque
309 983 378 1036 adeo
394 983 499 1051 pellens
515 983 625 1035 fervore
641 998 762 1035 corusco.

82 1061 161 1111 tanto
178 1059 304 1112 mobilior
320 1060 362 1111 ris
379 1064 409 1111 et
426 1057 608 1111 dominantior
625 1058 694 1110 haee
712 1062 763 1110 cst.

117 1134 198 1189 lt'unc
214 1151 248 1188 eu
265 1151 319 1202 quo
336 1137 418 1203 pacto
434 1133 582 1201 gignantur
599 1137 629 1188 ct
646 1135 751 1202 impete
768 1137 848 1188 tauto

83 1209 151 1263 fient
167 1214 201 1264 ut
217 1211 323 1278 possint
340 1211 398 1263 ictu
415 1209 570 1263 discludere
587 1210 681 1277 turris,
902 1227 939 1268 ao

83 1286 239 1341 disturbare
256 1287 360 1353 domos,
377 1285 495 1340 avellem
511 1287 590 1353 tigna
605 1286 763 1356 trabesque,

84 1367 114 1416 et
130 1363 296 1417 monimenta
312 1364 401 1416 virum
418 1361 544 1416 demoliri
561 1360 646 1430 atque
663 1381 795 1429 cremare,

85 1439 239 1493 exanimare
256 1439 387 1505 homines,
404 1439 523 1508 pecudes
540 1442 717 1506 prosternere
733 1441 846 1509 passim,

86 1520 179 1570 cetera
195 1516 231 1570 de
247 1532 348 1584 genere
364 1516 417 1569 hoc
434 1532 489 1583 qua
502 1514 529 1567 vi
545 1516 637 1568 facere
655 1516 747 1568 omnia
763 1517 880 1586 possint,

85 1593 237 1661 expediam,
253 1608 342 1659 neque
354 1599 379 1647 te
396 1592 424 1644 in
440 1591 581 1659 promissis
597 1592 678 1660 plura
695 1592 833 1647 morabor.
904 1608 941 1648 aa
960 1623 966 1636 ·

121 1669 245 1720 Fulmina
261 1667 369 1734 gignier
386 1684 403 1720 e
420 1667 519 1720 crassis
536 1667 646 1734 alteque
662 1668 846 1736 putandumst

86 1743 203 1797 nubibus
220 1744 370 1806 extructis3
386 1759 451 1794 nam
467 1742 543 1796 caelo
561 1744 636 1796 nulla
653 1760 751 1798 sereno

86 1837 136 1874 nec
152 1819 249 1873 leviter
266 1818 359 1872 densis
376 1819 526 1872 mittuntur
542 1818 660 1872 nubibus
676 1836 817 1890 umquem.

87 1913 150 1950 num
167 1894 251 1949 dubio
267 1895 361 1964 procul
378 1895 430 1949 hoc
447 1895 507 1947 fieri
524 1894 671 1949 manifesta
687 1896 771 1951 docet
787 1914 850 1965 res;

87 1972 161 2040 quod
178 1975 237 2027 tum
253 1989 304 2040 per
321 1976 412 2026 totum
429 1973 605 2024 concrescunt
622 1988 688 2027 aera
703 1973 811 2040 nubes'
838 2006 843 2013 -
905 1989 942 2029 ato

87 2049 208 2118 undique
226 2050 267 2103 uti
284 2049 413 2103 tenebras
430 2048 518 2101 omnis
536 2047 699 2102 Acherunta
715 2052 828 2105 reamur

87 2125 196 2192 liquisse
213 2128 244 2178 et
260 2141 372 2191 magnas
390 2123 457 2177 caeli
474 2123 624 2191 complesse
641 2141 780 2180 caremus

88 2217 175 2269 usque
192 2201 261 2255 adeo
278 2204 369 2254 taetra
386 2199 540 2252 nimborum
557 2203 638 2253 noete
655 2205 750 2255 coortu

89 2276 237 2344 inpendent
254 2279 331 2329 atrae
348 2275 501 2329 formidinis
518 2291 567 2329 ora
585 2292 710 2344 superne,

88 2370 149 2405 cum
166 2353 314 2405 commoliri
332 2355 482 2420 tempestas
498 2351 612 2404 fulmina
629 2356 746 2420 coeptet.
905 2369 944 2409 255

89 2431 233 2497 practerea
251 2444 382 2496 persaepe
398 2429 476 2495 niger
494 2444 603 2496 quoque
620 2444 671 2495 per
688 2445 765 2481 mare
782 2429 900 2495 nimbus,

91 2510 121 2558 ut
138 2504 207 2573 picis
224 2519 241 2555 e
259 2503 332 2556 eaelo
350 2502 498 2556 demissum
515 2503 624 2570 flumen,
642 2502 670 2555 in
687 2504 775 2556 undas

89 2582 127 2635 sie
144 2579 218 2633 cetdit
235 2578 347 2632 effertus
364 2579 485 2632 tenebris
502 2579 595 2649 procul
613 2582 643 2632 et
660 2579 747 2632 trahit
764 2583 854 2632 atram

88 2655 247 2711 fulminibus
263 2654 403 2723 mandam
421 2658 616 2723 tempestatem
633 2658 717 2723 atque
735 2656 872 2723 procellis,

89 2733 198 2803 ignibus
215 2749 246 2786 ac
263 2731 354 2785 ventis
371 2748 433 2785 cum
451 2732 546 2798 primis
562 2731 622 2799 ipso
639 2729 770 2798 repletus,
872 2753 879 2763 ·
907 2747 947 2787 ato

89 2812 117 2865 in
135 2814 210 2865 terra
227 2825 335 2879 quoquo
352 2810 385 2860 ut
402 2807 561 2860 horrescant
578 2822 609 2860 ae
626 2809 701 2860 tecta
718 2807 869 2874 requirunt.

90 2887 231 2955 sicigitur
248 2902 348 2955 supera
364 2887 488 2937 nostrum
506 2885 588 2950 caput
606 2898 666 2936 esse
683 2882 866 2950 putandumst

91 2967 284 3034 tempestatem
302 2963 393 3016 altam.
410 2976 500 3028 neque
518 2959 590 3016 enim
607 2957 721 3026 caligine
738 2961 817 3013 tenta

73 3041 233 3095 obruerent
253 3044 351 3108 terras,
370 3037 424 3094 nisi
441 3035 616 3091 inaedificata
632 3050 748 3101 superne

57 3115 154 3170 multa
170 3118 270 3175 forent
289 3119 396 3176 multis
416 3118 552 3185 exempto
570 3110 669 3164 nxubila
683 3109 760 3169 solu,
914 3128 955 3164 ue

37 3203 97 3242 nee
117 3194 208 3248 Canto
226 3202 355 3268 possent
376 3190 536 3254 dementes
556 3187 719 3257 oppr'ttttete
733 3180 832 3242 lulum,
