2040 3426
526 120 558 180 V
912 126 968 184 143

120 225 185 277 sunt
202 225 232 277 et
249 221 326 292 larga
343 239 392 278 suo
410 224 469 279 sine
485 225 585 294 pabula
601 230 683 296 parts
699 227 802 298 labora

118 315 190 367 quae
207 299 304 353 damus
321 300 446 356 utilitatis
464 317 557 355 eorum
575 304 697 371 praemia
713 320 803 359 causa.
933 318 970 360 010

118 375 226 443 etquis
243 375 281 428 nil
298 375 395 429 horum
412 375 512 431 tribuit
528 379 634 446 natum,
651 394 701 432 uec
718 379 779 448 ipsa
789 368 805 397 '

119 454 221 581 01111111
234 467 285 504 sua
300 455 415 580 lpossent
431 456 463 507 ut
480 453 641 583 viverpenec
659 453 725 506 dare
743 454 822 509 nobis

117 541 137 578 u
222 543 301 580 ema
338 544 401 581 uam
438 544 504 582 uere
541 545 557 582 a
587 546 680 582 remur
697 546 791 583 corum

117 602 253 670 praesidio
270 546 364 657 nosiro
381 546 456 673 pailci
473 547 564 671 geniis
577 621 690 672 esseque
708 608 808 672 tutum,

117 677 221 732 scilicet
236 678 304 732 haec
321 679 381 733 aliis
398 679 518 749 praedae
535 680 664 748 lucroque
681 680 808 735 iacebant
933 696 970 735 ers

116 751 277 822 indupedita
294 755 350 808 suis
365 754 494 808 fatalibus
513 756 602 809 omnia
619 755 722 824 vinclis,

117 826 203 883 donec
221 829 258 882 ad
273 829 416 884 interitum
433 847 519 898 genus
536 831 566 885 id
582 833 681 885 natura
697 831 812 899 redegit.

152 903 209 958 Sed
225 922 314 974 neque
333 905 463 960 Centauri
479 906 598 975 fuerunt,
617 923 667 961 nec
685 906 815 977 tempore
825 907 855 962 in
871 905 927 962 ullo

116 994 177 1034 esse
194 984 299 1048 queunt
317 981 420 1051 duplici
437 986 536 1037 natura
553 985 583 1036 et
600 983 795 1052 00111010111110

116 1071 151 1108 cx
168 1055 324 1125 alienigenis
341 1057 470 1111 membris
488 1062 635 1127 compacta,
654 1062 778 1129 potestas
931 1073 969 1112 eso

116 1129 179 1184 hinc
196 1131 270 1186 illinc
287 1132 381 1198 visque
397 1137 499 1187 utnon
518 1138 561 1188 sat
578 1152 629 1203 par
646 1152 706 1190 esse
723 1122 838 1204 potissit
857 1137 859 1141 ’

115 1205 145 1258 id
161 1206 226 1261 licet
242 1207 305 1261 hinc
323 1209 446 1275 quamvis
464 1207 557 1262 hebeti
575 1226 736 1277 cognoscere
753 1212 843 1266 corde.

114 1281 249 1351 principio
267 1283 369 1336 circum
387 1282 476 1336 tribus
494 1284 562 1337 actis
580 1284 695 1353 impiger
712 1287 790 1339 annis
810 1333 812 1336 .

115 1356 195 1411 floret
212 1374 284 1425 ecus,
301 1374 371 1426 puer
387 1354 604 1430 hautquaquam
621 1375 684 1411 nam
703 1376 784 1428 saepo
801 1360 885 1414 etiam
895 1376 967 1414 nuuc

114 1431 202 1486 ubera
218 1449 398 1486 mammarum
415 1433 444 1486 in
462 1433 562 1486 somnis
579 1434 710 1489 lactantia
727 1438 846 1503 quaeret
929 1451 967 1489 esa

114 1511 179 1578 post
196 1508 243 1562 ubi
261 1524 339 1562 ecum
357 1509 464 1563 validae
481 1508 552 1563 vires
569 1512 662 1564 aetate
680 1514 791 1564 senecta

114 1583 291 1653 membraque
309 1584 440 1640 deficiunt
456 1584 572 1653 fugienti
589 1585 718 1654 languida
735 1587 799 1654 rita,

115 1662 175 1712 tum
195 1661 305 1714 demum
323 1677 409 1730 puero
426 1660 472 1714 olli
489 1677 555 1716 aevo
573 1662 687 1717 florente
705 1662 830 1727 iuventas

114 1736 215 1804 occipit
232 1740 262 1791 et
279 1737 354 1791 molli
371 1738 455 1793 vestit
471 1734 598 1807 lanugine
615 1739 707 1792 malas.
727 1737 728 1741 ’

115 1827 151 1864 no
168 1812 239 1866 forte
257 1829 291 1866 ex
309 1812 418 1868 homine
436 1817 465 1870 et
482 1815 605 1870 veterino
623 1816 725 1870 semino
743 1832 874 1883 equorum
930 1831 966 1870 seo

113 1887 224 1940 confieri
241 1888 337 1943 eredas
355 1890 506 1944 Centauros
523 1907 604 1958 posse
620 1907 709 1958 nequo
728 1907 795 1956 csso,

113 1966 162 2017 aut
178 1963 281 2017 rabidis
298 1964 410 2018 canibus
428 1965 579 2018 succinctas
597 1965 776 2018 semimarinis

113 2039 271 2107 corporibus
290 2039 392 2108 Scyllas
410 2042 440 2093 et
457 2042 549 2092 cetera
567 2039 603 2092 de
620 2056 721 2108 genere
739 2039 844 2108 horum,

111 2113 185 2168 inter
202 2130 232 2168 se
249 2130 365 2184 quorum
383 2114 519 2168 discordia
537 2113 660 2169 membra
677 2113 815 2181 videmus3

112 2206 183 2258 quae
200 2207 290 2259 neque
306 2191 454 2245 florescunt
470 2190 574 2260 pariter
591 2206 641 2244 nec
659 2188 758 2242 robora
775 2194 886 2247 sumunt
929 2209 964 2246 001

112 2265 270 2334 corporibus
287 2283 376 2335 neque
393 2267 530 2336 proiciunt
547 2268 639 2321 aetate
657 2268 768 2319 senecta
824 2262 827 2268 '

112 2357 162 2394 nec
180 2341 260 2395 simili
279 2342 388 2397 Venere
406 2342 554 2397 ardescunt
570 2358 620 2396 nec
638 2341 760 2395 moribus
777 2343 838 2396 unis

112 2416 282 2484 conveniunt,
300 2435 389 2488 neque
407 2420 471 2472 sunt
489 2418 585 2473 cadem
602 2417 720 2472 iucunda
737 2435 788 2487 per
804 2421 888 2472 artus.

111 2492 214 2561 quiippe
231 2493 327 2548 ridere
343 2495 409 2549 licet
426 2495 604 2565 pinguescere
622 2511 703 2564 saepe
720 2495 825 2549 cicutae

105 2566 269 2637 ,barbigeras
281 2571 408 2641 pecudes,
419 2570 520 2626 homini
532 2589 602 2640 quae
615 2574 658 2625 est
670 2588 733 2626 aero
744 2587 884 2624 venenum.
928 2584 964 2622 000

111 2640 220 2697 flamma
238 2645 350 2712 quidem
367 2663 431 2701 0010
449 2664 510 2701 cum
528 2664 643 2717 00111010
660 2647 734 2700 fulva
752 2647 860 2700 leonum

111 2720 169 2771 tam
187 2719 274 2773 soleat
291 2722 396 2775 torrere
414 2725 497 2791 atque
515 2739 596 2777 urere
613 2738 694 2791 quom
711 2738 797 2789 genus
815 2736 895 2775 omne

111 2794 222 2848 visceris
239 2795 267 2848 in
284 2796 367 2850 terris
384 2797 574 2867 quodcumque
591 2801 620 2852 et
637 2797 774 2865 sanguinis
792 2798 876 2862 extet,

112 2870 159 2936 qui
176 2870 236 2925 fieri
253 2871 353 2940 potuit,
369 2873 470 2941 triplici
488 2889 550 2927 cum
568 2889 682 2942 corpore
699 2874 732 2926 ut
748 2888 809 2939 una,

112 2946 200 3014 prima
217 2947 268 3015 leo,
286 2951 425 3016 postrema
443 2949 533 3017 draco,
550 2947 641 3003 media
657 2949 724 3018 ipsa,
743 2946 887 3001 Chinraera
927 2959 963 2999 005

112 3037 159 3075 010
176 3023 248 3076 foras
265 3040 356 3078 acrem
374 3026 454 3079 flaret
471 3024 507 3079 de
524 3041 641 3096 corpore
657 3025 821 3078 dammandi

111 3113 196 3164 quare
212 3100 295 3154 etiam
314 3101 415 3159 tellure
432 3119 508 3160 noua
523 3102 663 3172 caeloque
676 3096 799 3153 recenti
891 3099 893 3102 ⁴

104 3172 169 3226 talia
187 3176 236 3243 qui
254 3177 340 3248 fingit
358 3184 492 3256 potuisse
510 3181 656 3240 arimatia
670 3173 768 3246 gignis„
