2040 3426
58 121 77 177 8
474 113 491 168 Ι

56 237 148 290 nequa
164 221 236 273 forte
254 223 347 271 tamen
364 217 477 284 coeptes
495 215 620 270 diffidere
638 217 728 286 dietis,

58 297 135 365 qued
151 296 291 363 nequeunt
308 292 399 346 oculis
410 307 504 346 rerum
520 292 672 361 primordia
688 296 772 362 cerni,

57 373 149 441 accipe
166 373 311 440 praeterea
327 385 397 437 quae
415 383 530 436 corpora
545 371 608 423 tute
624 375 764 425 necessest

58 447 204 501 confiteare
222 462 283 499 esse
299 445 327 498 in
344 444 427 498 robus
444 459 495 498 nee
511 460 592 513 posse
610 446 707 500 videri.
875 462 915 504 aa

57 522 191 590 principio
208 521 283 575 venti
301 520 342 573 vis
360 520 490 574 verberat
505 519 589 574 incita
606 525 702 589 portus

36 653 39 659 ,
58 597 232 666 ingentisque
249 596 306 665 ruit
323 597 398 650 nauis
416 599 446 650 et
462 595 557 650 nubila
574 597 675 665 differt,

58 672 199 727 interdum
217 672 313 740 rapido
330 687 493 740 percurrens
510 671 623 726 turbine
640 688 750 741 campos

59 748 203 802 arboribus
220 747 327 816 magnis
344 747 444 801 sternit
462 747 617 815 montisque
636 764 778 817 supremos

61 823 207 891 silvifragis
225 826 308 877 vexat
324 822 431 877 flabris:
454 823 495 876 ita
506 823 631 890 'perfurit
648 825 703 878 acri
875 838 914 878 ars

60 915 122 952 cum
139 898 252 952 fremitu
270 898 411 965 saevitque
428 898 527 955 miueci
544 915 685 952 murmure
702 904 806 953 ventus

61 976 124 1026 srmt
141 974 227 1040 igitur
243 972 318 1026 venti
335 973 463 1024 nimirum
481 989 595 1041 corpora
611 990 693 1027 caeca

61 1064 132 1117 quae
149 1064 233 1119 mare,
251 1063 322 1115 quae
339 1050 435 1115 terras,
453 1063 523 1115 quae
542 1048 661 1116 denique
679 1049 771 1103 nubila
788 1049 856 1104 caeli

61 1127 174 1178 verrunt
191 1139 223 1176 ac
240 1122 332 1176 subito
349 1123 476 1178 vexantia
493 1123 604 1178 turbiue
620 1128 739 1193 raptant,

61 1214 112 1252 nec
129 1198 235 1252 ratione
252 1197 340 1252 fluunt
357 1198 410 1252 alia
426 1202 602 1268 stragemque
619 1204 773 1269 propagant
876 1213 916 1253 ase

63 1279 171 1329 etcum
188 1274 278 1328 mollis
296 1290 384 1342 aquae
400 1274 491 1329 fertur
507 1279 608 1330 natura
625 1279 740 1344 repente

63 1349 173 1404 flumine
190 1349 348 1418 abundanti,
366 1367 449 1419 quam
466 1351 548 1420 largis
566 1351 700 1404 imbribus
717 1354 801 1418 auget

63 1426 200 1480 montibus
218 1443 253 1480 ex
270 1427 334 1480 altis
352 1443 466 1494 uragnus
484 1428 616 1481 decursus
634 1427 715 1493 aquai

63 1501 197 1568 fragmina
214 1502 348 1555 coniciens
367 1502 495 1553 siluarum
512 1501 678 1568 arbustaque
696 1505 763 1565 tota,

63 1592 114 1630 uec
131 1576 213 1628 validi
229 1579 344 1642 possunt
361 1578 458 1643 pontes
474 1575 607 1628 venientis
624 1576 705 1643 aquai
877 1589 915 1629 ase

63 1650 119 1703 vim
137 1649 255 1702 subitam
273 1650 406 1703 tolerare:
431 1649 471 1702 ita
487 1665 587 1716 magno
604 1648 733 1704 turbidus
750 1651 833 1705 imbri

62 1724 179 1777 molibus
196 1723 312 1776 incurrit
329 1723 427 1777 validis
444 1740 505 1778 eum
522 1724 625 1780 viribus
643 1726 736 1780 amnis

64 1801 115 1854 dat
132 1799 223 1853 sonitu
238 1815 340 1866 magno.
355 1801 476 1866 stragem
492 1799 633 1869 solvitque
651 1801 703 1855 sub
720 1802 801 1855 undis

63 1875 179 1943 grandia
196 1891 261 1928 saxa
279 1875 476 1944 ruitqucoqua
493 1875 628 1944 quidquid
645 1876 773 1931 fluctibus
789 1876 890 1930 obstat.

65 1951 104 2006 sic
121 1951 206 2019 igitur
224 1951 327 2005 debent
344 1951 418 2005 renti
436 1967 546 2020 quoque
563 1953 672 2007 flamina
689 1953 763 2020 ferri,
878 1967 915 2006 aaa

66 2043 136 2096 quae
154 2026 240 2081 veluti
257 2026 376 2080 validum
394 2043 456 2081 cum
475 2027 575 2082 flumen
592 2028 763 2098 procubuere

66 2103 218 2173 quamlibet
234 2104 262 2157 in
280 2108 395 2173 partem,
413 2105 531 2158 trudunt
548 2121 593 2159 res
610 2109 674 2160 ante
692 2109 832 2174 ruuntque

65 2180 215 2250 impetibus
232 2181 341 2249 crebris,
358 2180 498 2235 interdum
516 2181 618 2235 vertice
635 2183 710 2235 torto

66 2257 216 2326 corripiunt
233 2257 383 2327 rapideque
401 2256 503 2312 rotanti
521 2255 633 2311 turbine
649 2259 768 2324 portant.

66 2351 150 2402 quare
168 2335 250 2388 etiam
268 2337 353 2401 atque
370 2334 454 2388 etiam
471 2336 536 2387 suut
552 2333 628 2388 venti
645 2348 758 2402 corpora
775 2349 862 2400 caeca,
880 2346 916 2386 aas

66 2408 288 2477 quandoquidem
304 2408 385 2461 factis
403 2412 432 2461 et
450 2406 572 2461 moribus
589 2408 696 2461 aemula
712 2409 818 2475 maguis

67 2483 191 2536 aruuibus
207 2482 506 2549 inveniuntur‚.aperto
522 2496 636 2547 corpore
654 2481 701 2548 qui
718 2487 789 2534 suut.

66 2561 126 2612 tum
144 2573 225 2626 porro
242 2555 330 2607 varios
347 2571 439 2608 rerum
457 2554 590 2608 sentimus
606 2553 705 2607 odores

66 2649 117 2687 nec
135 2636 227 2687 tamen
244 2628 280 2684 ad
298 2630 371 2683 uaris
389 2629 521 2683 venientis
539 2629 673 2684 cemimus
689 2646 827 2698 umquam,

66 2726 117 2764 nec
134 2707 236 2764 calidos
253 2709 346 2761 aestus
363 2705 467 2759 tuimur
484 2721 535 2758 nec
552 2704 652 2772 frigora
670 2706 778 2776 quimus
880 2722 918 2762 soa

67 2802 199 2854 usurpare
217 2783 300 2839 oculis
317 2798 368 2837 nec
384 2798 463 2836 voees
481 2797 593 2836 cernere
610 2798 733 2848 suemus;
821 2796 824 2800 ’

68 2878 138 2930 quae
155 2865 248 2916 tameu
266 2859 356 2914 omnia
372 2874 504 2927 corporea
520 2862 646 2913 constare
663 2860 802 2913 necessest

52 2940 174 3003 natura,
193 2937 320 3005 quoniam
339 2951 433 2990 seusus
450 2934 581 3005 inpellere
598 2937 718 3004 possunt.

69 3015 183 3080 tangere
200 3012 273 3065 euim
292 3018 322 3066 et
340 3013 422 3081 tangi,
440 3013 493 3067 uisi
510 3027 616 3081 cerpus,
634 3011 708 3065 nulla
725 3013 819 3080 potest
835 3027 888 3066 res

57 3088 180 3152 denique
194 3086 353 3158 fluctifrago
369 3105 524 3162 suspensae
542 3089 572 3146 in
589 3087 675 3144 litore
691 3091 788 3143 uestes
891 3099 934 3137 em

36 3163 179 3225 creseunt
201 3163 319 3219 eaedem
341 3167 497 3239 dispansae
518 3169 548 3225 in
566 3165 629 3223 sole
647 3167 809 3222 senescunt.
