2040 3426
504 77 521 132 I

83 185 114 237 at
132 195 294 251 nequaque
311 183 391 249 pacto
409 179 565 248 persederit
582 197 662 235 umor
679 185 760 252 aquai

83 258 201 312 visumst
218 273 268 311 nee
285 272 394 309 rursum
411 271 466 325 quo
483 258 565 324 pacto
581 257 684 326 fugerit
701 265 786 314 aestu.

83 334 111 388 in
128 350 226 402 parvas
240 333 329 400 igitur
347 331 434 400 partis
452 331 624 402 dispergitur
640 350 719 389 umor

84 426 152 477 quas
169 409 239 463 oculi
258 408 334 462 nulla
351 412 465 477 possunt
483 409 590 463 rationo
601 411 707 464 uidere.
902 425 937 464 aro

84 486 150 554 quin
168 486 252 540 etiarn
270 485 364 538 multis
383 484 448 537 solis
467 484 648 539 redeuntibus
664 487 741 540 annis

83 561 181 616 anulus
196 561 226 615 in
244 560 332 628 digito
350 559 456 625 subter,
467 564 597 615 tenuatur
613 561 746 628 habendo,

85 636 196 690 stilicidi
213 652 291 691 casus
308 636 428 705 lapidem
447 640 533 703 cavat,
551 653 637 691 uncus
654 638 737 691 arat'

83 712 190 766 ferreus
207 715 312 766 occulte
332 712 466 766 decrescit
485 728 579 766 vomer
596 712 625 765 in
643 713 721 776 arvis,

85 789 227 857 strataque
244 788 298 842 iam
318 788 389 856 volgi
407 788 524 855 pedihus
544 789 647 844 detrita
664 789 768 841 vianrm
902 801 938 839 sia

85 879 167 918 saxea
184 863 376 932 conspicimus3
401 869 460 917 turn
479 866 574 932 portas
591 872 706 933 propter
723 880 792 917 aena

86 939 164 1006 signa
180 956 276 994 manus
294 939 406 994 dextras
425 939 575 994 ostendunt
592 939 734 994 adtenuari

86 1031 168 1083 saepe
185 1015 352 1071 salutantum
370 1019 448 1071 tactu
465 1019 631 1085 praeterque
648 1023 795 1070 maantam.

85 1089 153 1144 haec
169 1090 255 1158 igitur
271 1089 364 1158 minui,
383 1108 446 1144 cum
464 1091 519 1144 sint
537 1091 648 1158 detrita,
666 1091 798 1145 videmus.

87 1165 137 1220 sed
154 1181 225 1234 quae
242 1178 355 1234 corpora
373 1165 509 1220 decedant
526 1166 556 1218 in
573 1168 697 1234 tempore
715 1181 832 1235 quoque,
901 1179 939 1218 aaa

86 1240 179 1295 invida
194 1242 343 1310 praeclusit
361 1242 478 1310 spatium
496 1245 595 1294 natura
612 1240 732 1295 videndi.

88 1319 227 1385 postremo
246 1331 434 1385 quaecumque
452 1315 512 1370 dies
531 1319 682 1384 naturaque
699 1315 783 1369 rebus

87 1391 220 1460 paulatim
237 1391 343 1459 tribuit,
361 1390 525 1444 moderatim
544 1405 668 1444 crescere
686 1405 794 1456 cogens,

87 1466 162 1520 nulla
177 1469 270 1536 potest
287 1466 426 1521 oculorum
444 1465 516 1521 acies
533 1468 663 1520 contenta
679 1465 758 1532 tueri,

87 1558 139 1596 nce
154 1559 236 1612 porro
254 1558 442 1612 quaecumque
459 1558 526 1597 aevo
544 1541 685 1611 macieque
703 1543 862 1605 senescunt3
902 1553 940 1593 aas

87 1634 144 1683 noc,
161 1635 237 1673 mare
255 1634 326 1688 quae
342 1618 500 1687 inpendent,
518 1634 598 1673 vesco
616 1618 673 1672 eale
685 1631 757 1672 'saxa
772 1632 870 1686 peresa

90 1694 157 1762 quid
175 1710 283 1764 quoqne
301 1693 431 1748 amittant
447 1694 476 1748 in
493 1697 618 1763 tempore
636 1709 749 1748 cernere
766 1692 861 1761 possis.

89 1770 247 1838 corporibus
263 1770 351 1824 caecis
367 1770 454 1838 igitur
471 1773 570 1824 natura
586 1769 661 1837 gerit
677 1785 729 1824 res.
937 1767 941 1773 ’
984 1759 993 1833 l

125 1845 183 1900 Neo
200 1849 293 1900 tamen
309 1845 433 1914 undique
449 1860 579 1913 corperea
597 1844 699 1913 stipata
717 1845 848 1897 tenentur

91 1921 181 1974 onmia
197 1924 311 1986 natura3
334 1936 453 1989 namque
471 1920 560 1975 estin
577 1918 661 1973 rebus
679 1919 765 1972 inane.
904 1931 941 1971 aso

91 1996 166 2064 quod
182 1996 234 2050 tibi
250 2011 382 2064 cognosse
399 1994 428 2048 in
445 1994 539 2050 multis
556 1993 611 2049 erit
627 1994 696 2048 utile
714 1994 797 2046 robus

90 2087 141 2125 nce
158 2072 230 2125 sinet
247 2073 385 2125 errantem
403 2069 531 2124 dubitare
548 2073 579 2124 et
596 2084 728 2139 quaerere
746 2084 854 2136 semper

91 2146 128 2200 de
145 2161 251 2200 summa
267 2161 360 2200 rerum
377 2149 408 2200 ct
424 2145 526 2200 nostris
543 2144 669 2199 diffidere
687 2143 775 2198 dictis.

91 2237 142 2276 Qua
152 2236 258 2268 Psorrnn
267 2235 342 2269 Locus
352 2235 394 2269 EST
404 2234 521 2268 macrus
533 2234 611 2267 mann
621 2232 766 2272 vacassent

92 2296 167 2366 quod
184 2295 208 2350 si
224 2311 279 2349 non
296 2298 376 2362 esset,
394 2293 470 2348 nulla
486 2294 592 2348 ratione
609 2294 711 2347 moveri
905 2305 942 2346 aas

91 2388 136 2426 res
153 2375 280 2442 possent3
302 2387 420 2440 namque
438 2369 554 2424 officinm
571 2368 646 2439 quod
663 2367 784 2438 corporis
801 2371 900 2436 exstat,

92 2448 200 2503 officere
217 2451 302 2517 atque
319 2446 437 2514 obstare,
455 2447 485 2501 id
501 2447 530 2501 in
547 2447 619 2500 omni
637 2450 761 2515 tempore
778 2444 891 2519 adesset

92 2523 233 2589 omnibns3
255 2523 329 2579 haud
346 2523 432 2592 igitur
449 2523 596 2591 quicquam
613 2521 763 2592 procedere
780 2524 881 2590 posset,

92 2598 254 2670 principium
271 2602 399 2670 qnoniam
416 2599 533 2653 cedendi
550 2599 625 2652 nulla
642 2599 723 2652 daret
739 2613 792 2650 res.

94 2678 124 2730 at
139 2690 211 2731 nanc
228 2691 278 2744 per
294 2676 380 2730 maria
396 2691 429 2729 ao
446 2677 535 2728 terrae
553 2673 724 2741 sublimaque
741 2671 809 2724 caeli
907 2683 944 2724 aso

94 2749 181 2805 multa
197 2751 285 2805 modis
302 2750 397 2804 multis
413 2750 489 2805 varia
506 2749 613 2803 ratione
630 2747 733 2801 moveri

95 2825 230 2879 cernimus
248 2828 313 2879 anta
330 2825 428 2892 oculos,
448 2841 526 2894 quae,
545 2825 640 2878 sinon
658 2824 732 2875 esset
748 2818 836 2888 inane,

96 2915 149 2954 non
166 2901 224 2954 tam
242 2900 358 2954 sollicito
376 2903 453 2953 motu
470 2901 580 2968 privata
595 2898 730 2952 carerent

78 2982 84 2997 ·
97 2989 177 3042 quam
191 2975 286 3044 genita
303 2975 414 3031 omnino
432 2976 512 3032 nulla
527 2974 645 3031 ratione
661 2969 806 3030 inissent,
849 3036 854 3042 ,

87 3048 208 3118 undique
224 3053 362 3112 materies
379 3056 522 3128 qnoniam
531 3053 661 3124 stipata
677 3041 829 3119 quiesset-

72 3127 223 3189 practcrca
242 3133 377 3198 quamvis
399 3136 519 3193 solidae
536 3151 593 3191 res
612 3144 687 3188 esso
701 3116 876 3195 patentes
