2040 3426
102 222 180 293 copia
197 222 318 292 conquiri
335 223 428 291 debet,
446 223 551 276 concita
568 239 619 291 per
636 224 714 277 artus

102 301 189 354 omnis
207 303 239 355 ut
256 299 378 354 studium
396 299 496 353 mentis
514 299 610 353 conixa
627 303 773 368 sequatur;

102 379 133 429 ut
151 376 244 430 videas
261 376 358 430 initum
375 377 466 428 motus
483 391 501 428 a
517 374 600 428 corde
617 377 702 429 creari

102 469 137 504 cx
154 452 290 519 animique
307 451 450 519 voluntate
466 450 496 504 id
513 450 664 519 procedere
682 452 809 520 primum,
920 465 957 508 ato

101 526 166 580 inde
185 527 244 579 dari
261 543 343 595 porro
361 542 411 594 per
427 529 517 580 totum
536 542 635 596 cerpus
652 529 682 580 et
700 531 784 581 artus.

101 619 151 656 nec
169 602 282 656 similest
300 604 333 655 ut
351 618 413 654 cum
431 601 541 670 impulsi
558 601 731 670 procedimus
748 603 806 657 ictu

101 678 205 731 viribus
222 677 336 730 alterius
354 677 631 746 magnismagnoque
649 681 752 732 coactu.

101 769 164 805 nam
182 757 242 806 tum
260 753 404 806 materiem
422 753 508 806 totius
527 754 648 822 corporis
665 770 772 808 emnem

101 829 302 897 perspicuumst
320 828 397 882 nobis
415 828 506 882 invitis
524 829 566 882 irc
583 829 704 898 rapique,
916 842 954 884 275

102 905 188 959 donec
207 921 268 958 eam
286 904 435 958 refrenarit
452 922 504 973 per
520 905 643 974 membra
660 905 793 963 voluntas.

101 979 190 1034 iamne
207 980 284 1033 vides
302 981 393 1047 igitur,
412 995 576 1047 quamquam
594 981 635 1033 vis
653 983 749 1034 extem
766 979 868 1034 multos

101 1056 185 1124 pellat
203 1058 232 1109 ct
250 1055 350 1108 invitos
368 1058 448 1122 cegat
465 1055 615 1124 procedere
633 1073 715 1125 saepe

101 1131 320 1201 praecipitesque
339 1132 407 1199 rapi,
424 1134 517 1184 tamen
535 1147 595 1185 esse
612 1132 640 1184 in
658 1137 770 1201 pectore
788 1137 882 1185 nostro

97 1208 228 1275 quiddam
247 1207 320 1274 quod
338 1209 433 1260 contra
450 1223 573 1274 pugnare
591 1205 755 1274 obstareque
772 1207 878 1275 pessitl
916 1220 954 1260 aso

100 1283 176 1336 cuius
194 1283 230 1336 ad
248 1281 392 1335 arbitrium
410 1297 519 1349 quoque
537 1282 616 1349 copia
632 1282 758 1335 materiai

100 1357 207 1425 cogitur
225 1357 365 1410 interdum
383 1356 455 1410 flecti
473 1373 524 1425 per
541 1357 665 1409 membra
682 1373 733 1425 per
751 1359 827 1410 artus

100 1435 130 1487 et
147 1433 270 1503 proiecta
288 1432 444 1486 refrenatur
461 1435 591 1498 retroque
609 1431 712 1486 residit.

99 1525 182 1577 quare
200 1509 228 1562 in
246 1507 394 1562 seminibus
411 1509 519 1581 qnoque
536 1506 610 1561 idem
629 1509 733 1562 fateare
750 1511 896 1575 necessest,

99 1600 159 1638 esse
176 1584 257 1638 aliam
275 1587 386 1654 praeter
403 1584 498 1652 plagas
517 1586 546 1637 et
565 1584 687 1652 pondera
705 1599 814 1637 causam
914 1598 953 1638 ese

97 1661 222 1727 motibus,
241 1660 314 1714 unde
333 1659 400 1713 haec
418 1663 462 1714 est
479 1659 557 1714 nobis
574 1659 667 1714 innata
684 1661 816 1728 potestas,

99 1736 134 1789 de
151 1737 205 1789 m'le
223 1736 350 1805 queniam
367 1735 484 1788 fieri-nil
501 1752 582 1804 posse
599 1736 730 1790 videmus.

97 1812 204 1879 pondus
222 1813 293 1865 enim
312 1811 441 1880 prohibet
458 1828 493 1864 ne
513 1812 600 1880 plagis
617 1812 708 1865 emnia
725 1811 794 1864 fiant

98 1891 211 1942 externa
228 1887 305 1958 quasi
322 1887 355 1940 vi.
373 1887 424 1941 sed
441 1904 476 1940 ne
492 1904 569 1940 mens
587 1887 647 1957 ipsa
667 1903 810 1940 necessum

97 1962 256 2017 intestinum
274 1962 376 2016 habeat
394 1963 499 2016 cunetis
517 1963 545 2015 in
557 1963 645 2016 ‘rebus
663 1963 776 2030 agendis
916 1978 953 2016 aar

98 2041 127 2092 ct
145 2038 252 2091 devicta
270 2039 348 2105 qnasi
365 2038 416 2091 boc
433 2040 547 2104 cogatur
564 2037 638 2090 ferre
656 2037 777 2106 patique,

95 2113 126 2167 id
143 2114 209 2168 facit
228 2115 356 2180 exiguum
375 2113 507 2166 clinamen
524 2113 719 2182 principiorum

97 2207 148 2244 nec
165 2190 275 2256 regione
293 2189 345 2242 loci
364 2190 440 2242 certa
457 2203 508 2240 nec
526 2191 651 2256 temporo
670 2191 753 2240 certo.

132 2266 157 2318 N
159 2282 190 2318 ec
209 2265 311 2332 stipata
328 2263 415 2331 magis
432 2263 486 2316 fuit
503 2279 632 2330 umquam
651 2262 778 2316 materiai

97 2342 175 2411 copia
192 2357 242 2394 nec
259 2356 341 2408 porro
359 2337 508 2392 maioribus
526 2338 682 2392 intervallis,
912 2355 951 2396 295

96 2434 160 2470 narn
178 2432 267 2484 neque
285 2414 443 2483 adaugescit
461 2415 605 2484 quicquam
623 2431 712 2483 neque
731 2415 841 2484 deperit
857 2415 929 2471 inde.

96 2496 263 2563 quapropter
281 2509 334 2558 quo
352 2509 422 2546 nunc
440 2491 469 2545 in
487 2494 565 2546 motu
582 2491 777 2560 principiorum

98 2585 211 2638 corpora
229 2571 298 2635 sunt,
317 2567 346 2621 in
365 2568 461 2622 eodem
480 2571 544 2622 ante
562 2570 624 2620 acta
642 2570 735 2620 aetate
752 2567 829 2621 fuere

99 2650 128 2699 et
145 2648 208 2714 post
225 2644 292 2699 haec
311 2661 419 2714 semper
438 2643 516 2698 simili
536 2643 641 2697 ratione
658 2643 790 2711 ferentur,

98 2723 127 2774 et
144 2737 213 2790 quae
232 2720 388 2774 consuerint
405 2719 480 2787 gigni
498 2720 646 2786 gignentur
663 2718 759 2772 eadem
914 2731 950 2771 soc

99 2796 258 2851 condicione
276 2800 305 2849 et
323 2797 404 2848 erunt
421 2798 450 2848 et
468 2797 592 2848 crescent
609 2797 690 2860 vique
708 2791 845 2857 valebunt,

97 2875 229 2941 quantum
248 2872 345 2939 cuique
364 2870 459 2923 datum
478 2874 521 2923 est
538 2886 588 2938 per
606 2868 720 2922 foedera
736 2867 850 2920 naturai.

98 2965 147 3002 nec
165 2964 258 3002 rerum
276 2962 410 3000 summanr
428 2949 596 2999 commutare
614 2944 672 2996 ulla
687 2946 787 3012 petest
799 2944 857 2992 s'xsx

98 3040 159 3077 nam
176 3039 271 3092 noque,
290 3039 345 3093 que
361 3022 453 3094 possit
471 3037 562 3092 genus
578 3020 676 3075 ullum
690 3014 834 3070 muteris

88 3098 208 3165 effligere
220 3116 255 3154 ex
268 3100 350 3168 omni,
359 3101 519 3173 quicquam
531 3102 580 3155 est
587 3103 691 3166 cartre,
698 3086 850 3159 usquein
859 3082 954 3124 <me
972 3077 1014 3108 ⁸⁸

80 3172 154 3225 unde
172 3180 270 3246 coortu
291 3185 385 3248 queat
406 3199 487 3238 nova
503 3180 554 3238 vis
572 3179 757 3244 inrumpere
775 3163 816 3214 et.
831 3150 962 3204 ΜΨ
