2040 3426
83 235 144 273 csse
161 236 251 287 neque
270 221 378 274 omnine
396 221 474 274 flexis
491 223 664 276 mucronibus
682 241 759 292 unca,

82 296 133 351 sed
150 297 236 364 magis
253 296 367 364 angellis
385 296 496 364 paulum
514 298 695 365 prestantibu’
714 301 818 367 quique

81 372 118 426 tit
106 371 194 425 tillare
213 373 299 438 magis
318 389 347 424 se
350 389 413 426 isus
431 388 513 439 quam
531 372 641 427 laedere
660 377 779 443 possint,

81 448 194 502 fecula'
186 464 240 500 ram
259 465 312 514 qno
331 447 366 500 de
383 463 485 514 genere
504 452 547 500 est
565 448 707 517 inulaeque
726 468 842 519 sapores
893 430 930 506 eso

82 523 225 593 denique
217 538 272 576 ram
291 523 419 576 calidos
411 522 482 589 ignis
499 523 673 591 gelidamque
690 527 817 594 pruinam

81 599 206 654 dissimili
226 597 339 652 dentata
357 599 439 652 modo
458 616 629 668 conpungere
649 616 744 654 seusus

80 675 210 745 corperis,
229 673 329 727 indicio
348 674 425 727 nobis
445 679 488 729 cst
505 679 597 729 taetus
614 679 738 744 uterque.

80 756 171 805 tactus
189 750 269 815 enim,
289 754 386 815 taetus,
404 768 454 819 pro
474 751 567 805 divum
585 753 696 805 numina
714 756 813 820 sancta,

80 827 202 896 corporis
221 829 264 879 est
282 842 385 892 sensus,
405 827 447 880 rel
468 844 528 880 eum
547 844 591 880 res
609 831 705 881 extera
723 843 783 882 sese
897 843 933 880 sse

80 903 204 966 insinuat,
223 902 265 954 vel
285 918 345 954 cum
365 901 451 955 laedit
470 904 586 970 quaein
606 919 719 972 corpore
736 905 829 957 natast

80 987 127 1031 ant
145 979 219 1031 iuvat
237 976 382 1045 egrediens
400 979 526 1045 genitalis
545 994 594 1044 per
614 979 730 1033 Veneris
747 995 800 1047 res,

79 1059 127 1107 aut
145 1071 178 1107 ex
197 1055 300 1106 offensu
317 1071 379 1107 cum
398 1054 513 1108 turbant
531 1070 645 1123 corpore
662 1057 690 1108 in
708 1056 767 1124 ipso

79 1130 182 1183 semina
200 1129 424 1196 confunduntque
442 1130 515 1184 inter
534 1146 563 1184 se
581 1131 689 1185 concita
707 1148 831 1198 seusum;

79 1209 110 1258 ut
128 1205 151 1257 si
169 1206 240 1260 ferte
258 1222 340 1257 manu
359 1206 481 1273 quamvis
499 1207 554 1259 iam
573 1206 695 1275 corporis
712 1209 772 1274 ipse
894 1223 931 1261 see

79 1283 139 1334 tute
158 1281 208 1334 tibi
226 1284 335 1349 partem
354 1280 437 1333 ferias
455 1284 539 1348 atque
557 1281 706 1349 experiare.

77 1359 246 1425 quapropter
264 1356 344 1423 lenge
364 1357 464 1410 formas
484 1357 588 1410 distire
606 1361 745 1411 necessest

77 1432 225 1500 principiis,
245 1431 334 1484 varies
353 1448 422 1497 quae
440 1432 545 1500 possint
562 1432 646 1486 edere
665 1448 766 1486 sensus.

114 1508 237 1595 Denique
256 1523 326 1576 quae
344 1507 424 1561 nobis
442 1508 542 1561 durata
513 1511 592 1562 tac
611 1509 698 1576 spissa
715 1508 852 1576 ridentur,

77 1584 145 1638 liaeo
162 1584 249 1652 magis
267 1582 386 1637 hamatis
405 1584 478 1638 inter
496 1600 556 1638 sese
574 1600 634 1639 esse
652 1588 791 1638 necessest
893 1599 929 1638 ιιι

77 1662 108 1714 οι
126 1661 202 1748 quasi
221 1659 335 1714 ramosis
353 1660 408 1713 alte
380 1663 569 1749 teompacta
586 1661 681 1714 teneri

77 1737 105 1788 in
123 1753 176 1803 quo
194 1736 248 1789 iam
266 1751 367 1803 genere
385 1735 413 1788 in
431 1735 526 1804 primis
544 1736 719 1790 adamantina
736 1753 802 1790 saxa

77 1812 166 1880 prima
183 1813 241 1866 acie
260 1815 386 1866 constant
403 1811 475 1866 ictus
493 1815 668 1866 contemnere
686 1815 765 1867 sueta

77 1891 107 1941 et
124 1888 206 1940 validi
225 1888 313 1941 silices
331 1904 363 1941 ac
381 1887 443 1940 duri
463 1888 561 1940 robora
579 1888 644 1940 ferri

76 1980 194 2030 aeraque
212 1979 282 2030 quae
301 1962 427 2016 claustris
446 1964 579 2017 restantia
597 1963 788 2016 vociferantur.
892 1978 928 2016 ese

75 2039 122 2093 illa
140 2038 251 2107 quidem
270 2039 372 2092 debent
390 2054 406 2090 e
424 2037 528 2090 levibus
546 2042 630 2104 atque
647 2037 774 2090 rutimdis

76 2132 136 2169 csse
155 2114 247 2181 magis,
267 2113 367 2167 fluvido
385 2129 456 2181 quae
473 2129 586 2181 corpere
607 2111 711 2182 liquida
729 2117 869 2178 constant;

75 2205 178 2244 NAMQUE
188 2202 321 2235 rnrnvesls
332 2202 443 2235 HAUS'I'US
454 2203 542 2234 luuntur·
549 2202 642 2234 Faunus
652 2202 716 2240 QUOD
727 2202 849 2240 AQUARUM

75 2283 127 2322 nee
147 2267 302 2319 retinentur
322 2266 393 2319 enim
409 2266 482 2318 inter
502 2281 531 2318 se
550 2264 747 2331 glomeramina
766 2265 891 2336 quacq'ue

76 2346 106 2397 οι
126 2358 271 2411 procursus
291 2342 357 2394 item
378 2340 497 2409 proclive
519 2339 644 2393 solubilis
662 2344 761 2396 exstat.
891 2361 927 2399 ιιι

76 2418 167 2472 oninia
185 2421 324 2487 postremo
345 2435 414 2486 quae
436 2421 539 2485 puncto
559 2420 682 2485 tempore
700 2419 788 2472 camis

75 2494 216 2562 diffugere,
235 2497 267 2547 ιιι
287 2495 396 2555 ιιιιιιιιιιιΙ
410 2493 522 2547 nebulas
542 2493 727 2562 flammasque,
747 2500 894 2565 necessest,

76 2571 99 2623 si
119 2571 209 2624 nunus
229 2570 345 2624 omnibu’
367 2574 431 2624 suut
451 2587 467 2624 e
487 2569 592 2624 levibus
612 2575 695 2638 atque
715 2572 851 2640 rutundis,

77 2649 106 2700 at
126 2662 179 2699 non
203 2663 262 2700 esse
281 2651 373 2701 tamen
392 2645 532 2715 perplexis
551 2645 719 2715 indupedita,

76 2738 197 2791 pungere
217 2724 258 2775 uti
281 2723 386 2791 possint
404 2739 502 2789 corpus
520 2725 718 2790 penetrareque
739 2743 812 2787 saxa,
888 2737 924 2776 eoo

77 2814 127 2852 nec
146 2802 238 2852 tamen
255 2799 369 2852 haerere
386 2798 459 2851 inter
477 2815 522 2862 sc;
539 2797 730 2865 quodcumque
747 2797 872 2850 videmus

77 2874 193 2927 sensibu
211 2875 249 2928 sic
267 2874 307 2927 lat
295 2878 362 2939 tum,
380 2874 459 2928 facile
476 2876 508 2926 ut
526 2888 690 2939 cognoscere
708 2871 795 2940 pessis

77 2966 131 3001 ιιοιι
150 2967 165 3003 ο
183 2950 321 3019 perplexis
340 2949 389 3002 sed
407 2949 494 3003 acutis
512 2964 572 3001 esso
590 2947 743 3001 elementis

77 3024 127 3078 sed
145 3026 219 3093 qued
236 3043 329 3081 amara
347 3025 424 3080 sides
442 3025 544 3080 eadem
561 3041 635 3094 quae
651 3021 765 3075 iunius
779 3016 933 3072 consuant

70 3100 156 3153 seder
173 3103 213 3156 nti
232 3104 317 3159 maris
334 3109 389 3173 est,
406 3105 529 3160 minime
546 3100 687 3158 niiraliile
698 3095 828 3149 nesea
877 3152 884 3163 Ι

60 3191 123 3227 ιιιιιιι
144 3179 220 3245 quod
239 3180 368 3240 fluvidus
388 3189 484 3257 est,e
501 3183 628 3240 leuibus
644 3180 742 3242 atquc
759 3153 913 3219 russeum

61 3251 75 3290 ι

951 3083 995 3120 Q)

286 3350 297 3371 Ο
