2040 3426
530 109 561 169 V

104 212 219 269 mittero
236 215 265 267 et
282 211 387 268 utilitas
405 212 541 282 expressit
558 213 668 267 nomina
685 231 785 282 rerum,

104 304 159 344 non
176 290 230 343 alia
246 290 327 358 longe
344 289 451 344 rationo
468 292 552 358 atquc
568 289 629 357 ipsa
646 289 756 344 videtur
927 307 975 347 0000

103 365 267 435 protrahere
284 367 320 420 ed
337 369 447 434 gestum
464 381 564 434 pueros
582 363 696 419 infantie
712 366 828 436 linguae,

104 459 167 497 cum
184 442 250 496 fecit
267 445 299 495 ut
317 442 403 511 digito
422 459 492 511 quae
510 441 565 495 sint
581 441 738 510 praesentia
755 447 913 501 monstrent

104 519 189 574 sentit
207 519 280 574 enim
297 518 580 588 vimquisque'suam
600 517 691 586 quoad
709 519 795 588 possit
812 520 896 574 abuti.

105 609 207 650 cernua
223 596 288 647 nata
305 593 381 663 prius
398 593 484 647 vitulo
502 610 584 661 quam
601 592 741 648 frontibus
758 597 862 664 extent,

103 670 159 724 illis
175 671 262 724 iratus
279 669 352 738 petit
368 671 453 737 atque
470 669 585 724 infestus
603 669 721 738 inurget.
925 687 970 726 103·

105 750 136 800 at
153 747 237 802 catuli
253 745 449 816 pantherarum
468 746 625 814 scymnique
642 746 750 799 leonum
784 810 787 815 Ι
828 802 832 809 ,

103 822 241 890 unguibus
258 838 290 876 cc
307 820 424 890 pedibus
441 821 496 874 iam
514 824 572 874 tum
592 837 738 888 morsuque
754 825 917 891 repugnant,

104 898 150 950 rix
168 898 250 952 etiam
268 913 330 951 cum
348 900 412 957 sunt
431 897 530 950 dentes
547 913 707 966 unguesque
725 898 818 952 creati.

104 974 219 1028 alituum
236 990 318 1043 porro
335 991 421 1043 genus
439 974 489 1028 alis
508 989 587 1027 omne
605 972 729 1028 videmus

103 1049 192 1103 fidere
209 1053 240 1104 et
257 1066 274 1103 a
290 1050 380 1120 pinnis
398 1050 547 1122 tremulum
564 1052 661 1119 petere
679 1050 847 1105 auxiliatum.
924 1067 972 1106 1000

103 1124 219 1194 proinde
236 1129 334 1194 putere
352 1127 471 1195 aliquem
489 1130 549 1181 tum
567 1125 677 1179 nomina
695 1125 867 1182 distribuisse

103 1201 186 1256 rebus
204 1204 235 1257 et
251 1201 316 1256 inde
334 1200 456 1272 homines
474 1200 603 1255 didicisse
621 1201 752 1256 vocabula
768 1202 866 1272 prima,

103 1277 264 1347 desiperest.
282 1293 346 1331 nam
364 1292 413 1346 cur
429 1276 473 1331 hic
490 1280 584 1345 posset
601 1280 699 1330 cuncta
716 1281 812 1331 notare

102 1354 214 1409 vocibus
232 1357 261 1408 ct
278 1352 491 1420 veriossonitus
508 1353 635 1407 emittere
652 1352 766 1421 linguae,

103 1433 227 1499 tempore
240 1430 337 1485 eodem
348 1425 394 1483 elii
405 1429 499 1495 facere
507 1427 536 1480 id
549 1445 602 1482 non
615 1428 706 1497 quisse
718 1429 869 1496 putentur?
922 1446 967 1484 1οι0

102 1509 247 1577 praeterea
265 1506 288 1559 si
305 1522 359 1559 non
376 1504 422 1558 alii
440 1520 549 1573 quoque
567 1503 678 1557 vocibus
696 1504 738 1557 usi

101 1584 176 1638 inter
193 1599 223 1636 se
240 1583 356 1650 fuerant,
373 1581 448 1635 unde
465 1581 547 1635 insita
563 1581 675 1635 notities
693 1583 737 1634 cst

102 1658 231 1713 utilitatis
248 1662 277 1712 et
294 1658 366 1712 unde
384 1657 451 1712 data
469 1660 512 1712 est
528 1657 591 1722 huic
608 1658 696 1726 prima
713 1660 844 1726 potestas,

103 1733 270 1803 quid'vellet
287 1734 377 1788 facere
394 1737 427 1788 ut
445 1734 529 1788 sciret
546 1734 690 1803 animoque
708 1734 834 1790 videreti

103 1827 202 1879 cogere
218 1810 284 1863 item
301 1811 387 1878 pluris
405 1828 475 1864 uuus
493 1809 635 1879 victosque
653 1810 765 1863 deniare
917 1826 964 1864 roco

102 1903 157 1940 non
174 1889 292 1962 poterat,
307 1900 401 1940 rerum
419 1891 451 1940 ut
469 1885 626 1956 perdiscere
643 1887 752 1939 nomina
769 1886 879 1940 vellent.

102 1979 153 2017 nee
170 1963 277 2017 ratione
295 1963 393 2016 docere
410 1963 467 2014 ulla
485 1961 655 2029 suadereque
673 1962 771 2026 sardic,

102 2038 171 2108 quid
188 2039 226 2093 sit
243 2055 311 2108 opus
328 2039 407 2104 lacto,
424 2036 546 2102 facilest;
563 2052 653 2104 neque
671 2037 742 2090 euim
759 2039 922 2105 paterentur

103 2131 154 2169 nec
171 2115 279 2169 ratione
297 2114 352 2167 ulla
369 2113 421 2166 sibi
439 2113 546 2166 ferrent
563 2111 679 2179 emplius
698 2113 773 2165 auris

103 2190 177 2245 vocis
194 2190 332 2244 inauditos
350 2191 454 2243 sonitus
472 2188 627 2242 obtundere
645 2188 754 2241 frustra.
914 2205 961 2244 10³5

103 2269 243 2335 postremo
262 2265 328 2334 quid
345 2266 374 2318 in
392 2265 443 2318 hae
460 2263 584 2317 mirabile
601 2266 775 2330 tantoperest
791 2279 832 2329 re,

103 2341 127 2393 si
144 2358 231 2417 genus
247 2341 403 2408 humanum,
421 2340 464 2394 oui
482 2356 535 2394 vox
553 2343 582 2394 et
600 2339 692 2407 lingua
709 2339 822 2406 vigeret,

103 2433 153 2486 pro
171 2405 246 2480 venio
263 2434 344 2472 sensu
360 2417 436 2471 vario
453 2433 497 2470 res
516 2433 582 2471 voce
600 2417 726 2470 notaretl

103 2510 165 2548 erm
183 2493 301 2562 pecudes
318 2497 417 2559 mutae,
436 2510 498 2547 eum
516 2493 634 2561 denique
653 2492 742 2547 saecla
758 2492 878 2548 ferarum

103 2569 242 2627 dissimilis
260 2570 365 2625 soleant
382 2586 463 2625 voces
479 2571 623 2640 variosque
642 2569 722 2637 ciere,
912 2583 959 2622 0000

103 2663 165 2701 cum
182 2648 272 2700 metus
289 2648 338 2700 eut
355 2645 433 2699 dolor
450 2649 494 2700 est
511 2649 541 2700 et
558 2662 619 2700 oum
637 2646 691 2699 iam
712 2644 813 2714 gaudia
833 2644 958 2713 gliscunt.

104 2724 204 2791 quippe
222 2721 324 2776 etenim
340 2721 404 2775 licet
421 2720 451 2774 id
468 2720 553 2774 rebus
570 2737 733 2788 cognoscere
750 2721 863 2788 apertis.
888 2743 891 2749 ·

103 2799 215 2852 inritata
232 2811 330 2850 canum
347 2812 409 2850 cum
426 2797 545 2863 primum
563 2812 663 2864 magna
680 2795 831 2850 Molossum

103 2873 195 2927 mollia
211 2873 281 2927 ricta
298 2871 420 2925 fremunt
437 2870 520 2925 duros
537 2871 671 2926 nudantia
687 2871 794 2938 dentes,

103 2949 183 3017 longe
200 2948 253 3002 elio
271 2947 361 3001 sonitu
379 2946 455 3001 rabie
472 2947 601 3001 restricta
617 2946 764 3014 minantur,
910 2962 944 3000 000

103 3028 211 3080 etcum
228 3024 282 3078 iam
300 3023 404 3078 latrant
421 3025 451 3077 ct
468 3022 579 3078 vocibus
597 3023 689 3077 omnia
705 3021 861 3088 complent.

101 3104 131 3155 ot
147 3100 252 3155 catulos
271 3100 373 3159 blande
392 3119 458 3159 cum
472 3101 575 3173 lingua
584 3099 721 3156 lambere
733 3092 891 3158 &memb

90 3178 140 3228 aut
159 3175 207 3230 ubi
224 3194 274 3235 eos
292 3179 405 3240 iactent
423 3181 556 3256 pedibus
572 3189 741 3247 morsuque
752 3164 904 3240 petam
