2040 3426
332 504 641 573 PRAEFATIO.
744 516 763 549 ⁹

432 733 534 762 -4—

116 906 192 973 amn
204 906 232 961 in
242 906 295 962 boc
303 907 422 962 carmine
431 907 606 976 perpoliendo
616 907 805 962 Lachmannus
814 907 913 962 eximio

64 990 194 1055 acumine,
217 989 371 1043 admirabili
395 989 545 1058 diligentia,
569 990 782 1060 exquisitissima
805 991 913 1060 linguae

64 1076 207 1129 universae
229 1091 350 1144 ususque
374 1076 530 1129 Lucretiani
554 1077 668 1131 scientia
690 1077 819 1145 effecerit,
844 1076 913 1132 adeo

63 1159 189 1214 omnibus
204 1163 299 1213 notum
315 1164 358 1214 est
370 1164 409 1227 ut,
421 1161 444 1214 si
455 1161 532 1214 illum
547 1162 676 1216 laudibus
692 1163 789 1216 efferre
805 1163 912 1232 vellem,

29 1265 34 1273 ⁴
64 1245 163 1299 merito
174 1244 346 1313 importunus
358 1260 420 1298 esso
431 1245 574 1299 iudicarer.
610 1247 738 1314 quoniam
749 1247 842 1316 igitur,
855 1247 913 1317 qui-

63 1347 182 1399 cumque
211 1329 327 1400 posthao
355 1331 392 1385 ad
412 1330 615 1386 emendandum
638 1332 797 1386 Lucretium
820 1349 914 1387 sanam

63 1421 153 1474 artem
164 1418 296 1473 adhibere
305 1417 386 1488 volet,
394 1418 453 1474 eius
461 1418 513 1474 viri
521 1419 644 1488 vestigiis
656 1419 784 1474 insistere
793 1418 913 1488 debebit,

63 1505 94 1558 et
105 1502 158 1558 hac
172 1503 208 1558 de
224 1503 321 1558 roiam
333 1504 443 1573 saepius
455 1504 591 1574 disputavi
602 1505 631 1559 in
643 1503 785 1559 annalibus
799 1503 914 1574 philolo

63 1588 131 1656 gieis
150 1589 197 1658 qui
217 1605 305 1658 nuper
324 1588 518 1658 Cantabrigiae
538 1588 709 1657 prodierunt,
730 1590 761 1642 et
781 1605 852 1656 mox,
871 1588 914 1643 uti

17 1709 19 1712 >
64 1689 152 1743 spero,
167 1674 255 1729 fusim
271 1673 426 1730 disserendi
444 1673 612 1728 occasionem
629 1673 777 1742 nanciscar,
792 1672 837 1728 hio
855 1673 914 1742 qui-

64 1757 128 1813 dem
136 1757 258 1814 breviter
267 1757 495 1814 etadoonsilium
506 1759 617 1812 nostrae
628 1756 757 1812 emtionis
764 1773 914 1813 moommo

64 1841 131 1898 date
142 1859 190 1899 eos
201 1846 311 1899 tautum
321 1843 395 1899 locos
405 1842 532 1899 indicabo
544 1843 573 1897 in
581 1843 682 1912 quibua
693 1843 799 1913 aliquid
809 1843 913 1913 melius,

63 1946 147 1998 quam
159 1931 234 2001 quod
250 1947 267 1985 a
281 1931 455 1986 Lachmanno
465 1929 608 1985 inventum
620 1933 672 1998 est,
684 1933 733 1984 aut
748 1947 764 1985 e
775 1929 914 1984 codicibus

63 2017 212 2086 sumpsisse
226 2021 275 2072 aut
291 2017 405 2072 aliorum
421 2020 470 2071 aut
482 2016 600 2086 denique
611 2031 674 2070 mea
686 2015 841 2071 coniectura
852 2031 914 2085 rep-

64 2101 169 2172 perisse
196 2102 264 2156 mihi
292 2101 393 2157 videor.
432 2101 549 2156 leviores
579 2100 777 2170 discrepantias
806 2100 914 2154 silentio

64 2185 231 2258 praeteribo.

408 2382 526 2438 arana
544 2383 567 2438 1.
647 2340 653 2348 ⁴

117 2545 152 2596 (io
184 2548 317 2590 romanas
327 2536 396 2591 libri
432 2534 539 2590 Nonius
556 2534 675 2604 tradere,
691 2551 773 2604 quem
790 2535 914 2604 sequitur

66 2622 262 2678 Lachmannua.
381 2679 386 2684 ,
833 2624 835 2629 “

119 2714 152 2764 68
186 2717 373 2762 ramsomm.
408 2705 598 2762 Lachmannus
615 2721 677 2760 cum
694 2703 912 2771 Bentleiofona.

67 2793 280 2861 ‘scilicetsamo'
292 2793 383 2863 inquit
394 2793 460 2847 ‘non
468 2791 556 2848 omnis
567 2790 721 2847 necessario
733 2807 839 2858 monna
850 2792 913 2848 est':

66 2898 120 2936 non
132 2881 227 2952 omnis,
234 2881 285 2936 sed
294 2880 447 2937 necessario
458 2880 545 2934 omnis
556 2879 740 2944 doumfama.
771 2877 810 2932 sic
821 2876 914 2931 Livius

66 2982 86 3022 x
105 2971 140 3021 24
158 2966 218 3021 sine
237 2965 294 3021 ullo
313 2965 436 3036 epitheto
448 2962 508 3020 *Aa
524 2964 644 3030 somam
663 2963 767 3034 populi
788 2961 923 3015 aumas

65 3051 218 3121 sarcinare.
912 3030 947 3096 Ι

523 3226 693 3246 ‚fll-
