2040 3426
65 203 205 259 disturbat
221 203 303 258 urbes
320 207 350 258 et
367 207 459 260 terrae
474 206 566 258 motus
583 204 703 259 obortus.

65 281 207 348 multaque
223 283 370 350 praeterea
386 279 547 333 ceciderunt
563 280 670 334 moenia
687 281 793 348 magnis

66 355 186 410 motibus
203 355 232 409 in
250 355 333 410 torris
351 358 381 410 et
397 354 501 409 multae
517 371 568 424 per
585 372 661 409 mare
679 373 788 425 pessum

66 431 215 487 subsedere
234 433 290 486 suis
307 432 413 501 pariter
430 449 492 486 cum
511 431 614 486 civibus
632 433 721 487 urbes
885 448 921 488 sao

67 507 210 587 quodnisi
228 508 392 578 prorumpit,
410 511 504 562 tamen
522 508 666 577 impetus
659 525 718 577 rpse
735 509 835 564 animai

65 585 94 637 et
111 568 180 638 fera'
188 583 230 638 vis
245 585 321 639 venti
338 601 388 653 per
405 583 502 638 crebra
518 583 652 638 foramina
668 588 761 638 terrae

67 658 230 728 dispertitur
245 663 278 715 ut
294 660 391 714 horror
408 662 438 714 et
454 659 555 715 incutit
571 660 645 714 indo
653 663 818 728 tremorem;

66 735 153 802 frigus
169 735 212 790 uti
230 739 337 790 nostros
353 735 464 805 penitus
481 752 543 790 cum
561 737 681 791 venitin
699 739 786 805 amus,

68 811 190 865 concutit
206 811 306 866 invitos
324 828 423 879 cogens
441 815 561 866 tremere
579 816 661 880 atque
679 829 796 866 movere.
882 827 918 866 soe

68 885 180 954 ancipiti
198 886 339 955 trepidant
357 887 442 955 igitur
459 889 566 940 terrore
584 904 634 956 per
650 888 734 956 urbis,

67 963 143 1014 tecta
160 978 277 1030 superne
294 963 401 1031 timent,
418 965 546 1018 metuunt
562 963 669 1018 inferne
686 980 816 1018 cavernas

67 1028 153 1090 terrai
170 1055 205 1091 no
223 1038 354 1093 dissoluat
370 1035 471 1093 natura
487 1043 609 1109 repente,

68 1129 122 1167 neu
139 1112 195 1167 dist
183 1116 272 1168 tracta
289 1131 368 1168 suum
385 1116 441 1169 late
459 1114 608 1184 dispandat
625 1116 730 1171 hiatum

67 1189 158 1257 adque
175 1189 231 1243 suis
249 1190 360 1243 confusa
377 1189 444 1243 velit
432 1191 599 1258 tcomploro
616 1193 709 1247 ruinis.
887 1207 923 1248 ooo

67 1265 184 1334 proinde
201 1265 267 1318 licet
284 1264 407 1333 quamvis
424 1264 530 1319 caelum
548 1268 706 1335 terramque
725 1271 839 1322 reantur

67 1341 226 1410 incorrupta
242 1340 302 1393 foro
319 1340 594 1394 aeternae‘mandata
612 1342 708 1405 saluti;

69 1420 98 1470 ct
115 1419 209 1470 tamen
225 1415 366 1470 interdum
384 1431 514 1485 praesens
532 1415 573 1468 vis
590 1416 651 1485 ipsa
667 1416 762 1484 pericli

69 1491 164 1546 subdit
182 1495 211 1547 et
229 1490 461 1557 huncstimulum
479 1490 598 1559 quadam
616 1491 651 1546 de
668 1495 748 1562 parte
764 1494 877 1557 timoris,

69 1584 103 1621 no
121 1567 240 1637 pedibus
262 1568 363 1636 raptim
381 1568 464 1622 tellus
482 1567 624 1622 subtracta
641 1570 747 1622 feratur
888 1584 924 1626 cot

69 1645 97 1696 in
115 1644 274 1698 barathrum
292 1660 437 1714 rerumque
455 1645 715 1714 sequaturprodita
733 1661 838 1700 summa

69 1721 192 1774 funditus
211 1724 240 1775 ot
258 1721 307 1775 fiat
324 1721 420 1774 mundi
437 1717 548 1775 confusa
564 1722 649 1776 ruina

105 1797 253 1867 [Principio
271 1814 347 1852 mare
364 1797 500 1852 mirantm·
517 1815 572 1852 non
589 1798 707 1853 reddere
725 1800 811 1855 maius

69 1878 203 1940 naturam,
221 1889 276 1941 quo
294 1874 331 1927 sit
347 1875 442 1926 tantus
460 1873 590 1927 decursus
608 1889 746 1942 aquarum,

69 1949 230 2018 omniaque
248 1950 358 2002 veniant
376 1965 411 2000 ex
429 1949 502 2000 omni
520 1948 631 2000 flumina
646 1951 734 2015 parte.
889 1964 925 2004 oro

70 2024 142 2079 adde
160 2039 243 2092 vagos
261 2023 356 2076 imbris
374 2024 609 2091 tempestatesque
626 2022 757 2091 volantes,

69 2100 159 2155 omnin
176 2115 246 2168 quae
262 2099 347 2152 maria
364 2114 396 2151 ec
413 2100 503 2151 terras
521 2100 709 2167 sparguntque
726 2099 889 2168 rigantqu03

69 2177 141 2231 addc
159 2192 222 2231 suos
239 2175 337 2239 fontis3
354 2178 447 2229 tamen
464 2173 500 2227 ad
517 2174 600 2228 maris
617 2175 708 2228 omnia
726 2192 859 2230 summam

69 2252 159 2319 guttai
177 2251 222 2304 vix
240 2251 327 2304 instar
345 2253 426 2304 crunt
442 2250 521 2303 unius
539 2247 707 2318 adaugmen3

71 2345 126 2396 quo
139 2328 226 2380 minus
239 2330 283 2382 ost
296 2327 396 2379 mirum
408 2342 483 2379 mare
495 2342 549 2378 non
562 2341 707 2394 augescere
718 2343 854 2395 magnum.
890 2346 926 2384 oro

70 2407 213 2472 praeterea
231 2418 356 2470 magnam
375 2401 414 2455 sol
431 2405 539 2471 partem
559 2401 681 2455 detrahit
700 2406 787 2458 aestu.

69 2480 172 2550 quippe
190 2479 314 2534 ridemus
332 2479 404 2532 enim
421 2478 505 2533 vestis
522 2494 618 2533 umore
635 2479 772 2535 madentis

70 2557 206 2611 exsiccare
224 2557 280 2611 suis
297 2556 382 2610 radiis
400 2555 553 2611 ardentibu'
572 2556 671 2612 solem:

68 2636 98 2686 at
116 2634 212 2703 pelago
229 2633 316 2686 multa
333 2636 363 2687 et
379 2633 435 2686 tato
453 2631 593 2686 substrata
610 2633 741 2687 videmus.

68 2708 183 2778 proinde
200 2709 266 2762 licet
284 2709 408 2777 quamvis
426 2725 460 2761 ex
477 2724 533 2761 uno
551 2725 660 2777 quoque
677 2709 737 2763 loco
755 2709 796 2763 sol
887 2725 923 2764 mo

68 2785 171 2839 umoris
190 2801 301 2853 parvam
320 2783 423 2837 delibet
440 2783 475 2837 ab
493 2800 610 2852 aequore
628 2787 752 2853 partem;

68 2860 184 2929 largiter
200 2860 230 2914 in
247 2862 325 2914 tanto
346 2860 435 2929 spatio
452 2863 545 2913 tamen
565 2860 674 2915 auferet
690 2861 781 2916 undis.

69 2939 130 2990 tum
148 2953 230 3006 porro
247 2936 322 2990 venti
340 2953 449 3005 quoque
467 2954 593 3006 magnam
611 2936 709 2992 tollere
727 2941 834 3007 partem

71 3013 173 3066 umoris
190 3015 306 3082 possunt
322 3017 464 3066 verrentes
481 3030 606 3083 aequora,
624 3014 713 3068 ventis

72 3105 126 3140 una
144 3093 225 3144 nocte
243 3090 299 3145 vias
316 3090 446 3160 quoniam
462 3108 603 3162 persaepe
617 3090 754 3144 ridemus
914 3096 959 3129 ea

62 3163 161 3216 siccari
177 3167 325 3239 modisque
346 3169 399 3225 luti
419 3186 613 3227 concrescere
630 3169 759 3224 crustas.
