2040 3426
92 127 133 184 50
506 120 541 175 II

89 232 120 283 11
137 227 204 282 varii
221 241 314 279 rerum
331 223 478 294 inpediunt
495 223 697 294 prohibentluc
717 224 819 278 colores

92 303 235 372 quominus
253 317 314 356 esse
332 317 387 354 uno
405 300 494 370 possit
512 317 557 355 res
574 303 634 354 tota
651 301 747 354 nitore.

129 379 198 433 Tum
216 394 298 449 porro
316 393 388 447 quae
405 378 483 433 ducit
500 381 530 433 et
546 377 634 432 inlicit
650 381 682 432 ut
699 378 852 432 tribuamus

93 456 234 525 principiis
251 471 344 508 rerum
362 471 565 524 nonnumquam
583 471 664 508 cansa
680 457 792 523 colores,

90 532 198 599 occidit,
217 548 251 585 ex
269 532 339 587 albis
357 533 484 600 quoniam
502 549 556 586 non
573 531 637 585 alba
654 536 790 602 creantur,

89 623 141 661 nec
161 624 233 676 quac
250 609 329 677 nigra
346 610 440 664 cluent
459 608 494 663 dc
511 608 596 676 nigris
614 607 665 662 sod
681 609 764 664 variis
781 625 824 664 ex.

89 685 193 755 quippe
210 686 313 740 etenim
330 686 417 741 multo
435 685 582 756 proclivius
600 684 759 740 exorientur

89 761 206 816 candida
223 763 260 816 ‹le
277 763 351 817 nullo
370 778 452 831 quam
468 762 548 830 nigro
565 765 631 816 nata
648 761 739 816 colore

89 840 139 891 aut
156 838 209 892 alio
227 840 323 908 quovis
341 839 388 908 qui
405 840 502 892 contra
519 841 624 906 pugnet
641 841 671 891 et
688 837 786 891 obstet.

127 915 274 969 Praeterea
290 915 416 982 quoniam
433 919 575 981 noqueunt
592 914 649 967 sino
666 914 726 968 lucc
743 913 847 967 colores

90 1007 151 1044 csso
169 978 258 1059 uorsus
276 991 305 1043 in
321 990 411 1042 lucem
428 989 553 1043 existunt
569 989 719 1058 primordia
737 1005 838 1054 rerum,

90 1069 162 1120 scire
180 1066 246 1120 licet
264 1080 346 1133 quam
364 1064 419 1119 sint
436 1064 512 1118 nullo
530 1065 620 1119 velatu
638 1065 734 1118 colore.

90 1143 178 1211 qualis
195 1141 268 1195 enim
285 1141 374 1194 caecis
392 1141 496 1210 poterit
513 1141 588 1196 color
605 1158 664 1195 csse
682 1141 821 1195 tonebrisl

90 1219 192 1272 lumine
210 1218 276 1286 quin
292 1217 353 1288 ipso
370 1220 496 1272 mutatur
512 1219 662 1287 propterea
680 1216 753 1286 quod

90 1297 168 1349 recta
185 1297 233 1348 aut
250 1294 361 1364 obliqua
378 1310 524 1365 percussus
541 1294 603 1348 lnce
620 1294 753 1362 refulget3

90 1371 184 1440 pluma
201 1370 391 1425 columbarum
409 1388 463 1439 quo
481 1375 563 1440 pacto
581 1371 610 1424 in
628 1370 683 1424 solc
700 1369 818 1435 videtur,

90 1463 161 1515 quoe
179 1448 233 1502 sita
250 1447 371 1502 cervices
384 1448 491 1501 circum
509 1447 661 1515 collumque
679 1448 805 1510 coronat3

91 1539 210 1591 namque
228 1524 295 1577 alias
312 1523 346 1576 fit
362 1523 405 1576 uti
423 1522 496 1575 claro
515 1522 551 1574 sit
569 1521 653 1574 1ubra
669 1536 779 1590 pyropo,

90 1598 232 1651 interdum
250 1599 369 1666 quodam
387 1613 469 1651 sensu
487 1597 520 1651 fit
536 1597 578 1650 uti
596 1597 725 1650 videatur

90 1674 166 1727 inter
183 1674 315 1727 curalium
333 1673 429 1726 viridis
445 1672 562 1726 miscere
578 1673 747 1740 zmaragdos.

92 1749 237 1817 caudaque
255 1748 377 1818 pavonis,
395 1749 473 1817 larga
490 1764 552 1802 cum
569 1748 632 1803 lnce
647 1748 758 1818 repleta
775 1752 825 1816 ost,

91 1826 224 1879 consimili
241 1828 333 1880 mutat
350 1825 458 1879 rationo
476 1823 593 1879 obversa
609 1824 728 1891 colores3

90 1906 139 1975 qui
156 1904 283 1972 quoniam
302 1903 422 1972 quodam
440 1902 590 1972 gignuntur
607 1899 716 1956 luminis
733 1901 797 1967 ictu,

90 1980 162 2032 sciro
179 1980 251 2047 licet,
269 1979 328 2034 sine
345 1996 378 2034 eo
396 1979 457 2034 fieri
473 1987 529 2031 non
545 1994 626 2049 posse
643 1978 798 2047 putandum
815 1980 864 2032 cst.

91 2057 121 2108 ct
138 2056 264 2123 quoniam
283 2056 381 2125 plagae
398 2055 536 2123 quoddam
554 2071 641 2123 genus
658 2054 760 2124 excipit
776 2054 805 2107 in
822 2069 852 2107 11
943 2113 946 2123 ,

91 2133 202 2201 pupula,
220 2149 282 2186 cum
301 2133 403 2187 sentire
420 2132 540 2187 colorem
557 2131 658 2185 dicitur
675 2130 775 2198 album,
937 2125 942 2133 ”

90 2212 175 2277 atque
193 2208 270 2262 aliud
286 2225 376 2278 porro,
393 2210 503 2278 nigrum
520 2225 584 2263 cum
601 2210 637 2261 11
647 2210 741 2262 oetcru
758 2205 849 2273 sentit,

92 2301 143 2338 noc
161 2285 248 2338 refert
267 2301 302 2338 11
318 2302 389 2355 quae
406 2287 505 2353 tangas
523 2301 578 2354 quo
595 2285 669 2339 forte
686 2284 778 2340 colore

92 2359 220 2428 praedita
238 2362 301 2424 sint,
318 2378 414 2414 verum
432 2362 506 2428 quali
524 2361 612 2428 magis
630 2364 697 2430 apta
715 2361 812 2428 ligura,

94 2435 163 2488 sciro
181 2435 247 2489 licet
264 2436 302 2488 nil
319 2436 461 2504 principiis
479 2452 548 2505 opus
567 2452 628 2488 csso
646 2435 759 2503 colores,

94 2510 144 2564 1111
162 2510 244 2564 variis
260 2511 356 2563 formis
374 2511 513 2564 variantes
531 2511 615 2564 cdere
633 2511 733 2566 tactus.

17 2629 18 2632 ¹
131 2587 280 2641 Praeterea
296 2585 424 2653 quoniam
442 2602 497 2639 non
515 2585 599 2640 certis
617 2588 695 2639 certa
711 2584 806 2653 figuris

20 2693 24 2714 ·.
94 2667 138 2718 est
155 2667 255 2718 nutura
273 2662 371 2716 coloris
389 2665 419 2717 11
437 2663 527 2717 omnia
544 2661 739 2733 principiorum

25 2755 28 2760 ·
93 2742 276 2795 formamenta
293 2742 398 2809 queunt
414 2739 443 2792 in
461 2741 555 2809 quovis
572 2756 634 2795 esse
651 2740 748 2806 nitore,

6 2880 8 2886 Ι
94 2834 143 2871 cur
161 2833 195 2870 ca
211 2832 281 2885 quac
299 2818 428 2871 coustant
445 2833 480 2870 ex
496 2815 551 2871 illis
568 2833 622 2871 non
639 2817 745 2886 pariter
762 2819 827 2870 sunt

94 2909 174 2946 omnc
191 2909 277 2959 genus
295 2893 407 2962 perfusa
424 2893 560 2947 coloribus
576 2893 605 2946 in
622 2909 724 2961 genere
741 2891 830 2945 omnil

47 2986 50 2992 ·
94 2968 275 3022 conveniebat
292 2970 372 3023 enim
383 2985 479 3024 corvos
496 2985 605 3039 quoquc
622 2985 705 3039 saepe
721 2965 838 3024 volantis

81 3058 120 3092 cn
136 3042 211 3096 allu's
227 3043 329 3100 album>
339 3046 435 3116 pinnis
445 3046 558 3102 ‘iactare
574 3045 695 3102 colorem

64 3115 100 3163 ot
115 3116 218 3181 nigrros
234 3120 303 3176 fiori
319 3124 406 3194 nigro
423 3124 465 3180 de
483 3125 591 3181 semine
608 3135 711 3190 cycnos

47 3187 106 3224 '²¹¹⁶
126 3189 183 3244 qlr‘o
203 3200 312 3265 quovis
329 3218 394 3258 uno
412 3201 560 3273 varioque
578 3199 683 3256 coloro.
