2040 3426
475 121 528 181 III
890 125 921 182 61

81 225 205 280 omnibus
224 227 266 278 est
283 239 365 277 unum
382 225 535 292 perfectum
552 226 672 294 eorporis
690 241 817 296 augmen.

80 303 119 356 sie
136 301 208 355 calor
226 304 310 369 atque
327 317 375 352 aer
393 302 423 354 et
438 301 515 354 ¹venti
532 317 612 355 caeca
628 307 751 370 potestas

80 379 165 431 mixta
182 381 278 431 creant
294 393 377 429 unam
394 378 520 430 naturam
539 380 568 431 et
585 377 691 432 mobilis
708 379 755 432 illa
890 393 927 436 rto

80 455 128 520 vie,
147 454 245 506 initum
263 455 353 505 motus
370 451 406 504 eb
424 468 453 505 se
472 469 542 521 quae
560 453 659 507 dividit
676 454 743 520 ollis,

81 531 194 584 sensifer
212 529 285 581 unde
303 527 392 580 oritur
409 529 526 596 primum
543 546 594 597 per
611 529 715 583 viscera
731 533 829 586 motus.

79 623 142 659 nam
160 605 270 674 penitus
286 619 412 671 prorsum
430 603 499 658 latet
516 604 583 658 haec
601 607 699 658 natura
716 605 864 674 subestque

79 698 129 734 nec
146 680 233 748 magis
250 679 301 732 hac
318 679 390 732 infra
406 680 551 749 quiequam
569 683 612 734 est
629 680 658 733 in
675 697 789 750 corpore
806 683 899 736 nostre

80 760 164 826 atque
182 756 272 809 anima
288 757 332 808 est
349 755 455 809 animae
471 771 603 824 proporro
621 756 707 810 totius
723 758 790 826 ipsa
893 766 917 806 ar

79 834 154 900 quod
170 848 256 900 genus
273 831 302 884 in
319 832 420 885 nostris
437 830 567 885 membris
584 836 614 886 et
631 849 745 902 corpere
761 835 823 888 tote

79 910 165 962 mixta
182 908 270 961 latens
288 906 371 960 animi
389 906 430 961 vis
448 911 491 960 est
508 908 669 976 animaeque
685 912 815 976 potestas,

79 983 236 1052 corporibus
254 983 318 1052 quia
336 983 372 1036 de
388 983 479 1051 parvis
496 983 645 1052 paucisque
663 989 792 1041 creatust.

78 1060 117 1112 sic
133 1059 183 1113 tibi
201 1058 316 1112 nominis
334 1058 403 1113 haec
420 1075 518 1128 expers
535 1058 575 1112 vis
592 1060 665 1114 faeta
682 1057 796 1115 minutis

78 1134 236 1203 corporibus
253 1134 322 1187 latet
340 1138 424 1202 atque
442 1136 641 1204 animaequasi
659 1137 746 1190 totius
763 1138 823 1207 ipsa
894 1155 932 1194 ase

78 1213 237 1279 proporrost
255 1210 344 1262 anima
362 1215 391 1262 et
409 1210 564 1263 dominatur
581 1227 693 1278 corpore
710 1215 777 1266 toto.

79 1285 211 1339 consimili
229 1286 336 1339 ratione
352 1287 490 1338 necessest
507 1288 605 1338 ventus
623 1289 652 1339 et
670 1302 718 1340 aer
762 1348 766 1354 g

78 1365 108 1414 et
127 1360 200 1414 calor
217 1360 289 1414 inter
308 1376 338 1413 se
355 1360 465 1426 vigeant
482 1360 628 1422 commixta
645 1377 696 1429 per
713 1365 791 1417 artus

77 1438 168 1505 adque
185 1437 246 1490 aliis
264 1436 338 1490 aliud
356 1435 445 1488 subsit
462 1435 548 1502 magis
566 1436 739 1504 emineatque

76 1516 109 1567 ut
128 1513 259 1582 quiddam
277 1511 336 1566 fieri
354 1510 482 1565 videatur
498 1510 533 1564 ab
551 1511 676 1564 omnibus
693 1529 786 1578 unum,
889 1528 928 1571 ase

76 1590 105 1642 ni
123 1590 196 1642 calor
214 1605 245 1643 ac
262 1590 361 1642 ventus
379 1603 501 1641 seorsum
520 1603 696 1656 seorsumque
713 1590 837 1656 potestus

77 1664 148 1718 acris
165 1665 331 1718 interemant
349 1679 457 1716 sensum
475 1664 643 1732 diductaque
661 1665 775 1718 solvant.

76 1744 120 1793 cst
138 1740 239 1793 etenim
256 1739 331 1793 calor
347 1739 394 1793 ille
411 1739 508 1806 animo,
527 1756 608 1807 quem
627 1741 717 1803 sumit,
734 1741 763 1793 iu
779 1739 822 1795 ira

76 1832 138 1869 eum
156 1816 283 1870 fervescit
301 1818 382 1869 etex
401 1816 484 1870 oeulis
502 1816 585 1869 micat
602 1816 711 1870 acribus
727 1815 817 1869 ardor.

76 1895 119 1945 est
137 1896 167 1945 ct
184 1891 285 1960 frigida
302 1891 389 1944 multa
407 1908 497 1944 comes
515 1891 669 1944 formidinis
686 1907 752 1945 aura
891 1905 927 1943 aus

76 1984 145 2035 quae
164 1968 218 2022 eiet
235 1967 376 2021 horrorem
394 1966 523 2020 membris
541 1969 570 2018 et
588 1967 706 2020 concitat
724 1969 807 2020 artus.

75 2046 119 2096 est
137 2043 219 2097 etiam
238 2058 347 2111 quoque
365 2042 454 2109 pacati
473 2044 561 2093 status
578 2041 651 2094 aeris
667 2041 721 2108 iile,

74 2123 185 2186 pectore
203 2117 350 2184 tranquillo
368 2118 415 2183 qui
433 2116 465 2168 iit
482 2115 613 2183 voltuque
630 2132 733 2170 sereno.

75 2193 125 2247 sed
143 2192 222 2246 calidi
240 2192 301 2261 pius
320 2195 363 2245 est
380 2191 433 2244 illis
450 2191 550 2260 quibus
568 2192 641 2246 acria
657 2190 740 2244 eorda

74 2269 260 2336 iracundaque
278 2283 355 2320 mens
372 2267 450 2319 facile
469 2265 621 2321 effervescit
637 2267 665 2318 in
682 2266 731 2318 ira
893 2281 930 2320 aas

76 2361 131 2413 que
149 2360 249 2412 genere
268 2343 296 2396 in
314 2342 409 2411 primis
427 2343 467 2394 vis
485 2344 528 2395 est
546 2343 664 2396 violenta
681 2341 799 2408 leonum,
817 2359 818 2362 ¹

77 2423 189 2488 pectore
205 2419 253 2488 qui
269 2419 381 2472 fremitu
398 2421 529 2486 rumpunt
546 2419 706 2488 plerumque
723 2419 866 2486 gementes

76 2513 127 2550 nee
146 2510 242 2563 capere
260 2495 362 2549 irarum
380 2494 478 2549 fluctus
496 2496 523 2547 in
541 2500 651 2563 pectore
668 2498 790 2564 possunt.

77 2579 106 2626 at
125 2576 236 2625 ventosa
252 2571 339 2639 magis
357 2588 499 2626 cervorum
516 2572 617 2638 frigida
634 2589 711 2627 mens
728 2575 772 2626 est

76 2651 106 2701 et
123 2646 228 2713 gelidas
246 2647 326 2700 citius
343 2662 393 2715 per
411 2648 515 2701 viscera
533 2649 650 2702 concitat
666 2664 747 2701 auras
888 2661 926 2699 sm

78 2739 147 2790 quae
164 2722 312 2775 tremulum
330 2723 431 2776 faciunt
448 2722 578 2777 membris
596 2724 714 2777 existere
731 2723 845 2777 metum.

77 2802 106 2852 at
125 2801 224 2852 natura
243 2797 326 2850 boum
342 2797 449 2865 placido
466 2799 554 2867 magis
571 2815 634 2852 aere
652 2798 726 2864 vivit,

74 2890 123 2928 nec
141 2874 221 2927 nimis
241 2874 292 2927 irai
310 2874 356 2926 fax
373 2891 503 2942 uunquam
521 2874 631 2928 subdita
648 2872 738 2940 percit

72 2950 187 3016 fumida,
209 2950 367 3004 suffundens
384 2966 480 3004 caecae
499 2949 620 3017 caliginis
636 2948 741 3013 umbra,

77 3042 128 3080 nec
146 3026 244 3093 gelidis
263 3029 355 3094 torpet
373 3026 437 3082 telis
454 3027 564 3099 perfixa
579 3024 721 3096 pauoris-,⁷
914 3029 960 3062 ss..

70 3102 295 3172 interutrosque
315 3105 406 3174 sitast,
425 3123 527 3163 cervos
546 3117 712 3174 saeuosque
722 3100 852 3177 teones..

59 3174 101 3225 sic
116 3173 259 3232 hominum
277 3198 372 3250 genus
393 3191 448 3242 est.
471 3183 612 3259 quamuis
633 3178 781 3238 noctuas
794 3163 916 3238 ww*
