2040 3426
85 125 141 182 lib
485 118 533 173 Vl

79 225 183 281 vertice
200 224 236 278 de
253 223 354 277 montis
372 221 517 276 videantur
534 237 646 289 surgere
664 222 693 276 in
709 223 843 285 sethum

79 318 143 355 nam
160 301 219 354 loca
237 299 359 354 declarat
377 298 484 351 sursum
502 300 615 352 ventosa
631 301 728 368 patere
767 320 773 329 ·

77 394 123 432 res
140 377 201 446 ipsa
219 379 249 431 et
267 391 369 443 sensus,
388 374 489 428 montis
506 389 567 428 cum
585 375 757 430 ascendimus
773 377 853 432 altos.

78 456 222 524 praeterea
239 450 377 522 permulta
395 451 463 503 mari
480 466 590 520 quoque
607 452 705 506 tollere
721 455 783 508 toto
898 467 937 511 116

78 546 193 599 corpora
211 532 338 582 naturam
357 526 498 580 declarant
516 526 596 581 litore
613 531 706 583 vestes

78 622 234 675 suspensae,
252 622 314 659 cum
332 603 488 672 concipiunt
505 603 609 658 umoris
626 603 784 660 adhaesum.

77 699 133 750 quo
152 683 238 750 magis
256 681 293 735 ad
311 680 390 734 nubis
410 680 549 747 augendas
568 681 655 734 multa
672 680 802 749 videntur

78 774 159 827 posse
177 774 287 826 quoque
305 773 321 811 e
339 757 409 810 salso
429 772 596 824 consurgere
614 758 734 811 momine
750 759 845 827 ponti;

78 851 142 888 16111
160 834 231 888 ratio
250 832 475 900 consanguineast
492 832 634 886 umoribus
651 834 717 886 ollis.
899 847 936 889 4⁷5

79 914 223 979 praetcrea
240 909 328 962 fluviis
347 925 381 961 ex
399 907 524 962 omnibus
541 911 571 962 et
589 907 669 961 simul
688 910 746 976 ipsa

78 1003 192 1055 surgere
211 986 246 1040 de
263 989 339 1038 16111
356 984 470 1037 nebulas
488 987 651 1052 aestumque
668 986 799 1049 sidonius,

79 1079 150 1131 quae
168 1061 243 1116 velut
260 1060 360 1113 halitus
378 1060 441 1113 hinc
458 1059 499 1113 ita
516 1075 625 1113 sursum
642 1076 773 1130 expressa
791 1062 918 1115 feruntur

79 1138 294 1204 suffunduntque
312 1152 361 1188 sua
378 1134 483 1190 caelum
501 1135 617 1204 ealigine
634 1139 665 1190 et
681 1136 752 1190 altas
822 1184 827 1189 .

78 1212 216 1267 sufficiunt
233 1211 312 1265 nubis
329 1211 462 1280 paulatim
480 1211 674 1266 conveniundo.
898 1228 935 1268 sao

79 1294 161 1358 urget
179 1289 252 1343 enim
270 1305 380 1357 quoque
399 1287 521 1356 signiferi
539 1304 622 1358 super
640 1288 760 1342 aetheris
776 1292 871 1343 aestus

78 1369 109 1420 61
127 1367 204 1435 quasi
223 1365 362 1419 densendo
381 1364 504 1420 subtexit
520 1365 629 1419 caerula
646 1365 753 1420 nimbis.

78 1443 112 1496 111
130 1459 239 1511 quoque
256 1445 289 1496 ut
306 1442 360 1495 hue
378 1442 489 1497 veniant
506 1441 534 1494 in
552 1442 656 1495 caelum
674 1444 843 1497 extrinsecus
860 1444 908 1498 illa

78 1535 193 1587 corpora
211 1535 282 1586 quae
300 1518 404 1571 faciunt
421 1517 502 1571 nubis
521 1517 680 1586 nimbosque
698 1519 822 1573 volantis.

78 1592 304 1648 innumerabilem
313 1593 385 1645 enim
395 1609 537 1646 numerum
548 1609 736 1662 summamque
745 1595 875 1662 profundi
897 1610 935 1651 466

78 1686 139 1723 6666
155 1669 289 1721 infinitam
309 1667 396 1734 docui,
416 1671 572 1736 quantaque
590 1669 714 1723 volarent

77 1760 193 1810 corpora
210 1742 363 1796 mobilitate
382 1744 491 1797 ostendi
509 1760 647 1813 quamque
665 1751 779 1813 reponte

79 1817 285 1874 inmemorabile
299 1834 355 1887 por
374 1819 494 1888 spatium
511 1821 630 1874 transire
648 1821 774 1877 solerent.

78 1897 147 1950 haut
164 1895 249 1965 igitur
268 1895 397 1950 mirumst
414 1895 438 1949 si
456 1911 540 1965 parvo
559 1898 684 1965 tempore
702 1914 783 1968 saepe

79 1977 136 2027 tam
153 1973 258 2041 magnis
276 1972 375 2027 nimbis
393 1976 544 2042 tempestas
562 1975 646 2041 atque
663 1975 795 2029 tenebrae
898 1991 936 2032 sco

78 2050 220 2117 coperiunt
237 2048 324 2102 maria
342 2066 374 2102 ae
392 2052 482 2103 terras
499 2049 613 2117 inpensa
631 2066 756 2119 superne,

79 2126 201 2194 undique
220 2124 441 2193 quandoquidem
459 2141 509 2194 per
527 2124 619 2178 caulas
638 2127 759 2180 aetheris
776 2128 865 2184 61111116

79 2205 109 2255 61
127 2202 205 2270 quasi
222 2218 273 2270 per
290 2201 383 2269 magni
401 2201 503 2255 circum
522 2200 656 2269 spiracula
673 2204 768 2255 mundi

78 2279 170 2332 exitus
187 2277 371 2347 introitusque
389 2277 532 2332 elementis
549 2276 676 2330 redditus
694 2283 778 2331 extat.

115 2354 141 2405 N
143 2370 195 2407 une
211 2369 271 2421 age,
289 2370 343 2421 quo
361 2357 442 2422 pacto
459 2355 566 2421 pluvius
584 2358 742 2409 concrescat
758 2357 785 2408 in
804 2357 867 2411 altis
899 2373 937 2413 seo

78 2429 197 2483 nubibus
215 2445 294 2482 umor
312 2432 341 2482 61
357 2430 386 2483 in
404 2433 493 2484 terras
511 2430 646 2484 demissus
664 2434 696 2484 111
713 2431 801 2485 imber

78 2505 197 2572 decidat,
215 2504 367 2572 expediam.
385 2507 503 2573 primum
521 2506 576 2559 iam
595 2507 699 2572 semina
716 2509 795 2576 aquai

79 2583 167 2635 multa
185 2579 265 2633 simul
282 2580 388 2634 vincam
406 2598 568 2651 consurgere
586 2582 704 2636 nubibus
721 2583 788 2651 ipsis

78 2658 204 2712 omnibus
222 2674 257 2712 ex
274 2657 357 2711 rebus
374 2660 533 2728 pariterque
551 2660 591 2715 ita
608 2675 732 2714 crescere
748 2664 907 2730 utrumque,

77 2740 108 2789 61
121 2735 201 2788 nubis
213 2737 242 2789 et
254 2751 354 2803 aquam
366 2752 552 2804 quaecumque
564 2736 592 2789 in
604 2736 723 2790 nubibus
734 2739 819 2806 estat,
898 2753 938 2794 eoo

78 2815 111 2866 ut
128 2812 233 2879 pariter
250 2811 330 2864 nobis
348 2827 447 2880 corpus
466 2827 528 2865 cum
547 2816 677 2883 sanguine
695 2814 800 2881 crescit,

79 2888 164 2942 sudor
173 2888 240 2941 item
250 2891 335 2957 atque
344 2904 423 2942 umor
433 2890 596 2959 quicumque
607 2895 650 2944 est
659 2891 777 2960 donique
785 2889 928 2946 membris.

73 2963 234 3031 concipiunt
252 2965 336 3020 etiam
354 2965 472 3020 multum
490 2982 599 3035 quoque
617 2985 699 3037 saepe
716 2967 852 3023 marinum

54 3051 193 3108 umorem,
218 3041 308 3097 veluti
326 3043 486 3116 pendentia
502 3044 607 3101 vellera
619 3045 711 3114 lanae,

34 3123 109 3198 evm.
125 3131 239 3184 supera
256 3137 403 3192 magnum
421 3140 504 3179 maro
516 3123 603 3192 uenti
618 3121 719 3176 nubila.
732 3121 856 3187 portant.
912 3133 955 3172 ms

17 3191 174 3244 cons1mr'l1'
193 3198 323 3255 milone
341 3217 382 3255 ex
405 3201 546 3257 omnibus
566 3200 702 3254 amnibus
718 3210 800 3247 1111161
