2040 3426
504 109 541 166 V·
891 110 944 168 141

97 211 296 287 quadripedum
312 208 444 267 'membris
462 215 491 268 et
508 228 622 282 corpore
639 215 874 284 pennipotentum,
900 274 901 281 χ

97 291 136 344 sic
152 306 222 343 nova
239 292 299 342 tum
316 289 398 342 tellus
416 289 515 343 herbas
530 289 703 359 virgultaque
720 294 838 362 primum
883 329 886 332 -
910 307 947 350 tm

97 367 214 434 sustulit,
232 365 297 418 indo
314 364 367 418 loci
385 365 510 419 mortalia
528 365 617 420 saecla
634 369 737 422 creavit

95 443 182 496 multa
199 442 287 496 modis
305 441 398 494 multis
416 441 492 495 varia
509 442 615 497 ratione
633 446 734 498 coorta.

94 536 158 573 num
176 535 265 588 neque
283 518 319 571 de
336 517 410 571 caelo
428 517 559 572 cecidisse
577 518 704 572 animalia
720 524 835 588 possunt

95 612 145 649 nec
162 594 306 649 terrestria
323 593 358 647 de
376 593 453 647 salsis
471 593 560 648 exisse
577 593 688 648 lacunis.

93 671 228 741 linquitur
245 673 278 724 ut
295 670 393 724 merito
410 673 564 724 maternum
581 686 679 729 nomeu
697 672 799 738 adepta
910 686 946 728 aas

94 751 171 802 terra
188 747 232 815 sit,
249 763 265 800 e
283 749 359 800 terra
376 746 504 814 quoniam
522 750 588 801 sunt
604 750 704 800 cuncta
721 751 819 805 creata.

93 824 236 892 multaque
252 839 323 876 nunc
340 822 423 876 etiam
441 821 564 876 existunt
581 822 708 878 animalia
725 823 807 878 terris

93 899 232 952 imbribus
245 902 275 952 et
292 897 380 953 calido
398 898 462 951 solis
480 902 607 953 concreta
623 915 737 968 vapore3

94 992 148 1044 quo
166 975 254 1028 minus
272 977 316 1028 est
333 974 432 1028 mirum
450 974 474 1027 si
492 977 552 1028 tum
570 978 634 1029 sunt
651 975 730 1044 plura
747 979 842 1030 coorta

93 1055 124 1105 et
140 1052 249 1119 maiora,
267 1067 337 1104 nova
354 1051 453 1105 tellure
471 1054 555 1120 atquc
572 1051 685 1106 aethere
703 1052 805 1107 adulta.
907 1066 945 1106 eoo

93 1128 224 1196 principio
242 1143 328 1194 genus
346 1127 460 1180 alituum
478 1128 624 1196 variaeque
640 1127 763 1182 volueres

94 1219 145 1258 ova
162 1202 353 1271 relinquebant
370 1203 497 1256 exclusae
514 1205 640 1272 tempore
658 1220 749 1272 verno,

93 1277 225 1332 folliculos
242 1282 274 1331 ut
291 1294 363 1332 nunc
380 1278 477 1332 teretis
495 1281 600 1331 aestate
618 1278 726 1333 cicadae

93 1353 198 1407 lincunt
216 1356 314 1422 sponte
332 1369 381 1406 sua
396 1353 499 1406 victum
517 1354 654 1421 vitamque
672 1358 806 1422 petentes.

93 1432 153 1483 turn
171 1429 224 1482 tibi
240 1432 317 1482 terra
334 1427 413 1482 dedit
429 1428 547 1494 primunr
565 1429 691 1482 mortalia
709 1431 801 1484 saecla
908 1447 945 1486 sos
988 1487 993 1494 ,

93 1506 197 1558 multus
214 1505 287 1557 enim
304 1504 379 1558 calor
395 1507 479 1572 atque
496 1520 575 1558 umor
593 1505 740 1572 superabat
758 1507 786 1559 in
803 1507 883 1562 arvis.

93 1581 144 1634 hoc
162 1579 209 1633 ubi
228 1597 358 1649 quaeque⁴
370 1580 422 1634 loci
439 1579 516 1648 regio
533 1584 686 1650 opportuna
705 1581 831 1652 dabatur,

93 1656 254 1710 crescebant
271 1657 344 1710 uteri
361 1660 464 1711 terram
480 1657 619 1711 radicibus
637 1656 711 1725 apti;

93 1749 162 1800 quos
179 1732 226 1786 ubi
243 1731 368 1801 temporo
385 1737 492 1788 maturo
510 1734 678 1804 patefecerat
696 1737 788 1789 aestus

91 1809 227 1862 infantum
244 1809 352 1876 fugiens
369 1827 491 1864 umorem
510 1827 643 1878 aurasque
661 1814 810 1878 petesscns,
907 1826 943 1867 em

92 1884 270 1938 convertebat
287 1883 325 1938 ibi
343 1890 441 1938 natura
459 1886 589 1938 foramina
607 1891 697 1938 terrae

92 1962 123 2014 ct
140 1976 234 2014 sucum
251 1961 327 2014 venis
344 1960 459 2026 cogebat
476 1960 591 2013 fundere
610 1960 712 2026 apertis

92 2035 259 2090 consimilem
277 2035 363 2100 lactis,
382 2036 452 2088 sicut
469 2051 540 2088 nunc
558 2034 658 2087 femina
675 2051 800 2104 quaeque

92 2127 154 2164 cum
170 2111 286 2179 peperit,
304 2109 376 2164 dulci
394 2109 517 2179 repletur
534 2109 613 2176 lactc,
625 2109 698 2177 quod
716 2111 803 2172 omnis

91 2187 210 2255 impetus
228 2187 256 2239 in
273 2202 405 2240 mammas
423 2185 592 2239 convertitur
608 2185 654 2238 ille
672 2184 800 2239 alimenti.
905 2204 942 2243 ers

91 2265 167 2316 terra
184 2262 274 2317 cibum
291 2262 391 2330 pueris,
408 2264 513 2315 restem
530 2278 622 2330 vapor,
639 2260 725 2313 herba
742 2261 831 2316 cubile

59 2362 66 2374 ·
91 2337 244 2407 praebebat
261 2337 348 2391 multa
365 2340 394 2392 et
411 2337 486 2391 molli
502 2337 629 2404 lanugine
647 2336 794 2392 abundans,

91 2415 122 2466 at
138 2413 244 2466 novitas
261 2412 423 2466 mundinae
440 2411 542 2480 frigora
559 2412 628 2465 dura
645 2411 736 2467 ciebat

91 2504 142 2542 nec
159 2487 257 2542 nimios
275 2492 367 2542 aestus
384 2504 435 2543 nec
452 2488 559 2557 magnis
576 2489 679 2543 viribus
696 2505 783 2544 auras.

88 2564 184 2630 ,omnia
201 2564 272 2618 enim
289 2565 393 2633 pariter
411 2567 536 2620 crescunt
554 2568 583 2619 et
600 2565 700 2620 robora
717 2569 833 2619 sumunt
903 2579 940 2618 eso

129 2641 221 2706 Quare
238 2640 320 2694 etiam
338 2645 423 2710 atque
439 2642 523 2696 etiam
541 2646 695 2696 maternum
712 2658 810 2695 nomen
827 2641 928 2708 adepta

92 2720 168 2770 terra
185 2720 263 2770 tenet
279 2719 385 2786 merito,
403 2720 530 2786 quoniam
547 2735 634 2787 genus
651 2719 710 2786 ipsa
727 2717 830 2779 creavit

92 2794 240 2847 humanum
259 2795 342 2862 atque
359 2795 459 2849 animal
476 2812 561 2866 prope
579 2797 654 2848 certo
672 2796 796 2860 tompore
814 2791 886 2845 fudit

92 2885 172 2924 omne
190 2870 263 2938 quod
280 2869 308 2922 in
326 2872 430 2938 magnis
448 2870 596 2926 bacchatur
613 2867 743 2922 montibu’
763 2867 869 2936 passim,

92 2946 233 3014 aeriasque
250 2945 330 2999 simul
347 2946 469 3000 volucres
487 2944 646 3000 variantibu'
664 2943 765 2997 formis.
902 2957 939 2997 ees

93 3022 143 3075 scd
161 3021 224 3088 quia
241 3021 323 3075 linem
341 3023 460 3091 aliquam
478 3020 603 3092 pariendi
618 3018 707 3072 debet
719 3017 843 3077 babere,

91 3096 207 3165 destitit,
226 3099 258 3153 ut
274 3098 375 3154 mulier
394 3099 487 3170 spatio
504 3097 621 3154 dciessa
635 3095 767 3148 uetusto.

81 3172 176 3225 mutat
192 3173 267 3229 onim
283 3177 388 3234 mundi
406 3180 548 3234 naturam
564 3171 663 3230 totius
676 3168 768 3222 aem
