2040 3426
508 110 554 166 VI
598 159 604 168 .
903 115 953 175 171

104 214 213 271 tollitur
230 214 259 268 in
276 213 364 269 nubis.
381 228 436 282 que
453 228 515 267 cum
532 212 723 270 benesemina
739 232 872 286 aquenum

104 291 192 346 multa
213 289 300 344 modis
317 289 411 343 multis
429 305 580 343 convenere
597 290 720 360 undique
737 292 863 362 adaucta,

103 367 244 422 confertae
262 366 349 420 nubes
366 381 497 420 umorem
514 365 627 420 mittere
644 370 753 422 certam

105 443 267 513 dupliciter;
286 457 350 494 nam
367 441 408 496 vis
425 441 501 495 venti
518 442 659 497 contrudit
677 446 706 498 et
723 445 783 514 ipsa
924 461 961 502 tre

104 519 181 588 copia
199 518 352 574 nimborum
372 517 455 571 turba
471 519 574 572 maiore
591 523 686 574 coacta
773 518 780 531 '

103 598 192 663 urget,
211 594 247 648 de
265 610 364 664 supero
382 594 484 663 premit
501 611 533 648 ae
550 595 618 650 iacit
634 596 745 652 effluere
761 598 862 655 imbris.

104 675 249 740 praeterea
266 688 328 725 eum
346 673 489 724 rarescunt
506 687 618 740 quoque
634 672 729 726 nubila
745 675 836 730 ventis

102 751 153 802 aut
170 747 363 814 dissolvuntur,
382 747 447 801 solis
465 763 548 817 super
565 748 622 803 ieta
639 749 736 819 calore,

103 824 219 878 mittunt
236 839 360 878 umorem
378 823 501 893 pluvium
520 824 689 894 stillantque‚
706 827 784 895 quasi
801 826 859 896 igni
924 843 961 883 ere

101 916 166 955 eera
182 915 266 969 super
282 900 371 954 calide
395 899 540 954 tabescens
557 900 644 955 multa
661 901 805 970 liquescat.

101 976 153 1029 sed
169 990 280 1029 remens
297 975 388 1030 imber
410 976 451 1043 fit,
469 974 518 1029 ubi
534 979 677 1032 vementer
694 981 813 1047 utraque

101 1051 195 1127 nubila
211 1052 238 1105 vi
255 1053 393 1107 cumulata
415 1055 580 1120 premuntur
595 1057 627 1108 et
643 1053 748 1124 impete
764 1055 847 1111 venti.

101 1130 187 1197 atque
203 1131 299 1182 tenere
316 1129 366 1182 diu
384 1128 494 1197 pluviae
511 1128 677 1198 longumque
693 1132 795 1186 morari

101 1208 274 1273 consuerunt,
291 1203 340 1257 ubi
358 1203 447 1257 multa
465 1204 573 1258 cientur
591 1206 696 1260 semina
713 1224 845 1276 aquarum
922 1223 960 1264 sao

100 1283 185 1349 atquo
202 1279 263 1334 aliis
280 1279 350 1333 aliae
368 1278 457 1333 nubes
474 1278 615 1348 nimbique
633 1280 756 1347 rigantes

101 1356 213 1427 insuper
231 1359 315 1424 atque
333 1355 407 1409 omni
423 1354 506 1422 vulgo
525 1355 561 1408 de
578 1359 659 1425 parte
676 1357 810 1423 feruntur,

102 1436 232 1502 terraque
249 1449 311 1488 cum
329 1432 437 1485 fumans
454 1446 578 1485 umorem
596 1434 657 1486 tota
674 1431 810 1488 redbalat.

100 1508 145 1563 hic
161 1509 210 1564 ubi
228 1509 268 1564 sel
285 1508 371 1562 radiis
388 1509 584 1575 tempestatem
602 1508 676 1562 inter
694 1524 807 1579 opaeum

101 1585 218 1640 adversa
235 1585 313 1640 fulsit
329 1584 484 1638 nimborum
501 1584 645 1653 aspergine
662 1588 765 1653 contra,
922 1602 959 1644 om

102 1665 163 1716 tum
180 1661 254 1716 color
271 1661 299 1715 in
316 1661 400 1730 nigris
418 1661 514 1715 existit
531 1661 648 1716 nubibus
666 1661 752 1731 arqui.
823 1719 826 1725 ,

138 1737 238 1792 Cetera
255 1754 326 1808 quae
344 1754 450 1792 sorsum
468 1741 596 1793 crescunt
613 1754 774 1807 sursumque
792 1744 928 1810 creantur,

102 1816 132 1868 et
150 1830 221 1883 quae
238 1818 415 1869 concrescunt
431 1815 461 1868 in
476 1814 604 1883 nubibus,
622 1815 720 1882 omnis,
738 1832 866 1884 prorsum

102 1889 199 1959 omnia,
217 1891 264 1944 nix
282 1891 357 1945 venti
373 1890 480 1958 mando
496 1889 660 1957 gelidaeque
677 1890 792 1958 pruinae

102 1969 132 2021 et
149 1966 190 2022 vis
207 1983 306 2035 magna
322 1966 385 2033 geli,
403 1980 534 2031 magnum
551 1963 685 2017 duramen
701 1979 844 2039 aquarum
922 1983 959 2023 5³0

102 2045 133 2097 et
150 2058 227 2097 mora
244 2057 314 2111 quae
331 2040 428 2093 fluvios
445 2038 546 2108 passim
564 2039 687 2093 refrenat
705 2040 804 2108 euntis,

102 2118 260 2188 perfacilest
277 2119 370 2171 temen
387 2115 453 2169 haec
471 2114 594 2183 reperire
611 2114 757 2184 animoque
773 2117 867 2172 ridere

102 2193 193 2248 omnia
209 2209 264 2261 que
280 2195 362 2262 pacto
380 2192 449 2246 fiant
466 2207 586 2260 quareve
603 2194 739 2259 creentur,

101 2286 165 2324 cum
181 2269 251 2324 bene
268 2269 393 2337 cognoris
411 2266 554 2322 elementis
570 2266 682 2321 reddita
699 2283 770 2337 quae
787 2268 850 2324 sint.

137 2345 164 2400 N
165 2361 218 2400 une
235 2362 287 2414 age
304 2361 374 2414 quae
391 2344 462 2398 ratio
478 2343 564 2398 terrai
581 2342 700 2398 motibus
717 2347 797 2401 extet
915 2353 953 2397 ese

102 2422 220 2493 percipe.
239 2425 269 2477 et
285 2421 315 2476 in
331 2421 427 2491 primis
444 2424 548 2475 terram
564 2420 608 2475 fac
625 2422 659 2474 ut
675 2436 736 2475 esse
753 2421 840 2476 rearis

103 2501 200 2567 supter
216 2498 283 2553 item
301 2501 333 2552 ut
352 2515 451 2567 supera
468 2497 589 2552 ventosis
605 2496 729 2567 undique
745 2498 854 2568 plenam

103 2574 239 2645 speluncis
256 2574 411 2643 multosque
428 2574 502 2629 lacus
520 2574 675 2640 multasque
693 2574 806 2628 lucunas

102 2652 133 2704 in
149 2651 253 2719 gremio
269 2667 366 2718 gerere
384 2653 414 2705 et
430 2666 514 2718 rupes
532 2649 703 2717 deruptaque
720 2665 801 2716 saxa3

104 2726 245 2795 multaque
263 2725 313 2779 sub
331 2727 411 2792 tergo
428 2725 513 2779 terrai
531 2724 642 2777 flumina
659 2727 735 2778 tecta
922 2739 958 2780 ore

104 2802 212 2857 volvero
229 2803 256 2856 ri
273 2801 373 2855 fluctus
390 2817 594 2868 summersaque
612 2815 678 2854 saxa
694 2799 879 2868 putandumst
922 2799 926 2805 ’
1005 2803 1008 2810 ’

104 2878 225 2947 undique
243 2878 317 2933 enim
335 2877 450 2931 similem
468 2894 528 2931 esse
547 2877 588 2930 sui
605 2893 650 2930 res
668 2875 789 2943 postulat
805 2875 873 2944 ipsa.

104 2955 147 3010 his
165 2955 249 3024 igitur
266 2954 349 3008 robus
367 2954 517 3008 subiunctis
535 2953 737 3022 suppositisque

104 3035 182 3086 terra
199 3048 318 3102 superne
335 3031 431 3087 tremit
446 3029 553 3101 magnis
570 3045 707 3084 concussa
717 3026 823 3092 smnus,

101 3106 199 3160 subter
215 3107 263 3163 ubi
278 3108 403 3181 ingentis
421 3109 572 3184 speluncas
587 3105 709 3164 subruit
722 3105 829 3164 sebass

51 3192 64 3217 ⁶
91 3181 196 3252 (lffl'PPO
212 3186 324 3281 cadunt
340 3191 399 3248 teti
417 3194 537 3250 montes
553 3199 729 3262 magnoque
740 3174 877 3237 neusa-'ib

959 3097 1008 3136 w»
