2040 3426
110 118 167 173 irs
520 110 550 165 V

107 215 264 270 diminuunt
279 212 418 280 mdiisquc
434 214 563 266 retexens
582 211 720 265 aetherius
737 212 787 280 sol,

105 291 208 362 partim
226 289 300 357 quod
318 292 412 355 supter
429 304 480 356 per
497 290 587 341 terras
606 286 711 341 diditur
728 289 826 342 omnis

105 365 263 436 percolatur
280 365 352 418 onim
370 363 443 416 virus
461 366 591 432 retroque
609 367 734 417 remanat

104 442 236 496 materies
253 441 356 493 umoris
373 443 402 494 et
420 439 456 493 ad
473 441 556 508 caput
573 439 697 494 amnibus
714 439 803 494 omnis
927 456 963 499 no

106 517 237 582 convenit,
254 517 318 569 indo
337 532 418 584 super
435 518 524 569 terras
541 516 602 570 fluit
620 516 728 584 agmine
745 515 819 570 dulci

106 610 161 662 qua
178 593 222 646 via
240 596 314 646 secta
332 591 414 645 semel
433 590 536 659 liquido
553 589 626 660 pede
644 590 746 644 detulit
762 591 859 644 undas.

142 670 217 723 Aera
234 684 305 722 nunc
321 668 405 736 igitur
423 667 512 720 dicam
531 667 578 735 qui
595 683 708 735 corpore
725 669 787 720 toto

104 740 341 798 innumerabiliter
357 743 448 811 privas
465 745 590 796 mutatur
607 743 635 796 in
654 742 743 796 horas.

106 837 213 889 semper
225 820 304 885 enim,
317 819 508 887 quodcumquc
518 817 579 872 fluit
591 818 627 872 de
639 819 729 885 rebus,
741 818 770 871 id
782 834 864 872 omnc
925 831 961 874 πε

105 897 175 950 aeris
193 897 221 950 in
238 911 366 962 magnum
384 895 475 948 fertur
492 910 582 960 mare3
599 895 646 960 qui
664 894 716 947 nisi
733 896 830 948 contra

106 988 221 1041 corpora
239 970 374 1024 retribuat
391 970 474 1023 rebus
491 972 651 1038 recreetque
668 969 787 1037 fluentis,

105 1049 194 1100 omnia
211 1047 266 1100 iam
283 1045 403 1099 resoluta
418 1046 509 1099 forent
527 1049 556 1099 et
572 1046 601 1099 in
618 1062 683 1100 aera
699 1062 786 1100 versa.

104 1124 171 1177 haut
188 1123 272 1190 igitur
290 1125 379 1175 cessat
395 1121 470 1188 gigni
488 1120 624 1176 derebus
642 1124 671 1176 et
688 1121 716 1175 in
734 1138 779 1176 res

105 1198 249 1266 reccidere,
266 1196 381 1251 adsidue
399 1197 526 1264 quoniam
543 1197 629 1251 fluere
646 1198 736 1251 omnia
753 1201 871 1253 constat.
921 1215 959 1254 aar

139 1275 244 1343 Largus
261 1274 329 1328 item
345 1272 443 1341 liquidi
460 1273 520 1326 fons
538 1272 653 1339 luminis,
671 1274 810 1328 aetherius
827 1275 876 1343 sol,

103 1351 202 1419 inrigat
219 1349 334 1404 adsidue
351 1349 456 1403 caelum
473 1348 591 1403 candore
609 1349 713 1404 recenti

104 1427 317 1496 suppeditatque
334 1442 404 1479 novo
422 1425 563 1480 confestim
580 1424 682 1479 lumine
699 1425 799 1481 lumen.

103 1520 166 1556 nam
182 1503 302 1572 primum
320 1501 448 1570 quicquid
465 1500 578 1568 fulgoris
596 1500 712 1570 disperit
729 1503 761 1569 ei,

103 1594 273 1646 quocumque
284 1576 391 1631 accidit.
401 1576 430 1629 id
441 1576 505 1630 licet
517 1575 579 1630 hinc
592 1592 754 1644 cognoscere
766 1578 863 1647 possis,
920 1595 957 1636 mo

102 1653 176 1720 quod
193 1652 272 1706 simul
290 1669 322 1706 ac
338 1653 457 1720 primum
474 1652 561 1706 nubes
579 1651 724 1707 succedere
742 1653 792 1706 soli

64 1786 69 1793 ,
102 1744 216 1796 coeporc
233 1731 263 1781 et
280 1727 371 1780 radios
388 1727 461 1781 inter
478 1728 556 1795 quasi
573 1744 701 1797 rumpere
719 1728 794 1796 lucis,

103 1803 241 1872 extemplo
258 1803 370 1856 inferior
386 1819 450 1872 pars
467 1802 565 1857 horam
583 1803 700 1872 disperit
717 1805 804 1859 omnis

102 1885 231 1947 terraque
248 1878 420 1933 inumbratur
438 1895 493 1948 qua
509 1879 595 1933 nimbi
611 1896 729 1949 cumque
746 1881 889 1950 feruntm·;

101 1960 133 2009 ut
150 1971 246 2010 noscas
263 1954 407 2023 splendore
425 1971 494 2009 novo
511 1971 556 2008 res
575 1971 683 2025 semper
700 1973 783 2023 cgere
918 1975 956 2015 rao

102 2035 131 2086 ct
149 2032 266 2102 primum
283 2031 385 2085 iactum
403 2031 517 2099 fulgoris
534 2049 670 2100 quemquo
688 2033 779 2102 perire

102 2125 152 2162 nec
169 2108 275 2161 ratione
292 2107 345 2160 alia
362 2124 407 2162 res
424 2123 504 2175 posse
522 2108 549 2160 in
568 2107 624 2162 sole
643 2109 736 2176 rideri,

100 2186 235 2252 perpetuo
251 2183 280 2236 ni
298 2184 457 2252 suppeditet
474 2183 541 2236 lucis
559 2187 643 2252 caput
661 2184 757 2252 ipsum.

101 2260 166 2327 quin
184 2259 268 2314 etiam
285 2263 417 2314 nocturna
434 2258 493 2327 tibi,
510 2260 654 2313 terrestria
672 2276 742 2328 quac
760 2265 831 2328 sunt,

98 2336 205 2400 lumina,
223 2336 376 2405 pendentes
393 2336 482 2404 lychni
500 2335 642 2404 claraeque
660 2336 778 2389 coruscis
917 2353 955 2394 nst

98 2411 252 2478 fulguribus
269 2411 384 2478 pingues
401 2412 488 2464 multa
505 2412 619 2480 caligine
636 2412 734 2465 taedae
767 2439 774 2447 ¹
978 2427 989 2435 ·

99 2486 230 2539 consimili
246 2489 396 2552 properant
413 2487 525 2554 ratione,
544 2490 642 2541 ardore
659 2488 789 2554 ministro,

98 2560 276 2629 suppeditare
293 2576 390 2613 novom
408 2562 507 2630 lumen,
525 2565 644 2617 tremere
661 2563 770 2631 ignibus
787 2564 902 2633 instant,

97 2637 208 2704 instant,
226 2653 279 2690 nec
296 2635 356 2690 loca
373 2637 419 2690 lux
436 2638 509 2692 inter
526 2639 604 2705 quasi
622 2644 703 2707 rupta
720 2639 857 2707 rclinquit

96 2729 184 2781 usquc
201 2712 270 2765 adeo
287 2718 466 2780 properanter
484 2714 518 2766 ab
536 2714 660 2767 omnibus
677 2714 786 2783 ignibus
802 2715 829 2768 ei
915 2731 955 2773 aa

97 2789 210 2843 exitium
228 2787 310 2842 cclcri
328 2789 431 2842 celatur
449 2790 553 2856 origine
571 2790 702 2843 flammae.

97 2865 237 2932 sicigitur
256 2865 340 2919 solem
358 2866 449 2919 lunam
468 2866 614 2935 stellasque
631 2866 812 2934 putandumst

97 2957 132 2994 cx
149 2941 202 2993 alio
220 2946 302 3011 atque
320 2943 372 2996 alio
390 2943 478 2996 lucem
495 2944 598 2997 iactare
617 2943 730 2996 subortu

90 3019 123 3068 ct
131 3016 258 3083 primum
277 3018 410 3089 quicquid
427 3019 597 3074 flammarum
614 3018 731 3088 perdere
749 3033 874 3088 semper;

69 3087 247 3149 rbrr'olabrlr'a
262 3094 336 3153 lraec
353 3114 393 3153 ne
411 3099 512 3154 credas
529 3097 605 3154 forte
621 3095 727 3163 rigere.

88 3159 232 3234 Denique
247 3188 309 3230 non
327 3175 446 3247 lapidos
466 3193 586 3250 quoquc
600 3173 681 3231 uinci
696 3169 791 3227 cornis
806 3167 845 3219 sb
859 3184 945 3231 ‘excisax
