2040 3426
104 215 144 269 illi
161 230 223 273 eum
239 212 351 268 rideant
368 210 461 280 solem,
478 227 528 266 nos
545 211 638 266 sidera
654 211 743 266 noctis
910 223 957 264 roos

105 305 225 359 cernere,
241 292 271 343 et
288 287 401 341 alternis
418 287 558 341 nobiscum
575 290 701 356 tempora
716 285 785 341 eseli

106 364 231 419 dividere
248 367 278 418 et
295 367 390 417 noctes
407 363 502 432 parilis
519 363 625 431 agliare
639 362 760 440 diebus.'

106 441 157 496 sed
173 456 258 494 vanus
276 439 383 493 stolidis
400 439 467 493 hacc

106 515 224 585 amplexi
242 513 316 584 quod
333 514 437 568 habent
453 530 520 582 perv

105 609 169 647 nam
186 591 307 646 medium
324 590 363 644 nil
382 606 442 644 esse
459 592 554 659 potest
910 603 959 643 roro

105 667 219 721 infinita.
238 684 327 735 neque
338 665 462 735 omnino,
480 666 504 718 si
520 665 574 718 iam
592 665 721 720 nectum
738 664 784 733 sit,

106 744 192 813 possit
209 742 247 796 ibi
266 743 410 812 quicquam
427 741 578 797 consistere

105 836 187 886 quam
205 820 300 887 quavis
319 819 371 871 alin
388 817 468 886 longo
485 817 591 870 ratione

105 896 192 948 omnis
210 895 281 948 enim
299 895 373 947 locus
391 910 422 946 ae
440 893 565 962 spatium,
584 893 658 960 qnod
675 893 757 946 inane
774 908 911 959 coeamus,

104 987 155 1038 per
172 970 299 1035 medium,
318 984 438 1037 pernen
455 967 584 1033 medium,
601 968 750 1021 concedere
768 969 841 1022 debet
909 981 958 1020 1075

105 1061 193 1113 aeque
210 1044 382 1113 ponderibus,
401 1046 492 1097 motus
510 1058 681 1111 quecumque
698 1044 831 1098 feruntur.

105 1136 155 1173 nec
173 1121 316 1188 quisquam
334 1118 408 1173 iocus
426 1122 476 1186 est,
495 1135 549 1188 quo
567 1135 680 1188 corpora
697 1136 759 1174 oum
775 1124 921 1186 venerunt,

105 1197 233 1265 ponderis
251 1196 351 1250 omissa
368 1197 396 1250 vi
412 1197 518 1265 possint
536 1197 660 1265 stareio
677 1197 764 1264 insni3

104 1289 155 1327 nec
173 1272 249 1342 quod
266 1273 345 1327 inane
363 1277 455 1327 autem
476 1275 520 1327 est
537 1272 586 1325 ulli
603 1273 753 1328 subsistere
771 1273 864 1341 debet,

105 1350 178 1417 quin,
198 1366 248 1403 sua
265 1349 340 1418 quod
355 1353 457 1403 natura
473 1349 554 1418 petit,
571 1352 720 1405 concedere
737 1352 842 1418 pergat.
908 1360 958 1400 loeo

104 1424 179 1479 hand
196 1426 281 1494 igitur
299 1430 413 1495 possunt
431 1425 481 1479 tati
499 1425 604 1478 ratione
622 1426 711 1480 teneri

104 1502 193 1554 resin
211 1502 323 1555 concilio
341 1501 425 1554 medii
443 1501 597 1568 cuppedine
613 1501 708 1555 vietae.

140 1576 288 1630 Praeterea
306 1577 433 1645 quoniam
452 1592 506 1628 non
524 1574 615 1628 omnia
631 1591 744 1642 corpora
761 1576 869 1643 fingunt

103 1651 132 1704 in
149 1652 270 1705 medium
288 1653 346 1718 niti,
365 1651 414 1704 sod
432 1655 567 1704 terrarum
586 1653 670 1718 atquo
686 1650 807 1719 liquoris,

105 1731 134 1780 et
152 1727 229 1795 qussi
246 1730 357 1781 terreno
376 1743 446 1796 quac
465 1743 578 1795 corpore
596 1727 793 1794 contineantur,
907 1741 957 1779 loss

103 1817 226 1856 umorem
243 1803 320 1871 ponti
339 1818 506 1870 magnusque
525 1818 542 1855 e
559 1802 697 1855 montibus
714 1803 810 1870 nudos,

104 1879 134 1931 at
151 1881 247 1931 contra
264 1878 355 1932 tenuis
373 1881 512 1946 exponunt
530 1879 602 1932 seris
618 1894 697 1931 aures

104 1955 134 2007 ot
151 1952 253 2007 calidos
271 1953 350 2007 simul
368 1970 385 2007 a
402 1953 493 2007 medio
511 1953 647 2008 differrier
664 1954 741 2022 ignis,

105 2030 189 2096 utque
206 2028 269 2083 ideo
286 2033 376 2084 totum
394 2029 495 2084 circum
513 2030 765 2088 tremerenethera
782 2029 864 2096 signis

105 2107 134 2159 et
151 2104 215 2158 solis
231 2105 368 2160 flammam
385 2123 435 2175 per
452 2106 519 2160 caeli
536 2107 645 2161 coerula
661 2106 742 2175 posci,
908 2119 958 2158 roso

105 2180 179 2250 quod
196 2182 269 2236 calor
287 2182 411 2237 emedio
428 2183 536 2251 fugiens
553 2200 583 2238 se
599 2182 638 2236 ibi
656 2183 774 2250 conliget
792 2181 887 2248 omnis,

105 2273 154 2312 nec
172 2275 296 2327 prorsum
314 2259 456 2314 arboribus
474 2275 592 2314 summos
610 2259 786 2313 frondescere
803 2273 894 2310 ramos

105 2349 192 2402 posse,
209 2334 261 2388 nisi
278 2352 295 2388 a
312 2336 395 2390 terris
413 2335 544 2403 paulatim
562 2337 660 2404 cuique
677 2334 797 2388 cibotum

96 3029 136 3064 ne
156 3013 258 3066 volucri
274 3013 332 3068 ritu
351 3015 525 3070 flammarum
541 3017 650 3070 moenis
665 3013 775 3069 mundi,

80 3083 233 3150 Magistri
250 3091 350 3146 subito
366 3109 504 3163 magnum
522 3110 574 3164 per
592 3093 676 3147 inune
694 3089 789 3144 seinte.

61 3159 97 3206 ct
109 3172 152 3209 ne
171 3165 273 3222 cetero
291 3171 444 3228 consimili
461 3172 580 3229 ratione
599 3169 760 3241 &quantur
837 3221 840 3227 .
