<?xml version="1.0" encoding="UTF-8"?>
<!DOCTYPE html PUBLIC "-//W3C//DTD XHTML 1.0 Transitional//EN"
    "http://www.w3.org/TR/xhtml1/DTD/xhtml1-transitional.dtd">
<html xmlns="http://www.w3.org/1999/xhtml" xml:lang="en" lang="en">
 <head>
  <title>
</title>
<meta http-equiv="Content-Type" content="text/html;charset=utf-8" />
  <meta name='ocr-system' content='tesseract 3.04.00' />
  <meta name='ocr-capabilities' content='ocr_page ocr_carea ocr_par ocr_line ocrx_word'/>
</head>
<body>
  <div class='ocr_page' id='page_1' title='image "./dererumnaturali08carugoog/dererumnaturali08carugoog_0100.png"; bbox 0 0 2040 3426; ppageno 0'>
   <div class='ocr_carea' id='block_1_1' title="bbox 530 123 566 182">
    <p class='ocr_par' dir='ltr' id='par_1_1' title="bbox 530 123 566 182">
     <span class='ocr_line' id='line_1_1' title="bbox 530 123 566 182; baseline 0 0"><span class='ocrx_word' id='word_1_1' title='bbox 530 123 566 182; x_wconf 94' lang='lat' dir='ltr'>II</span> 
     </span>
    </p>
   </div>
   <div class='ocr_carea' id='block_1_2' title="bbox 63 225 969 3290">
    <p class='ocr_par' dir='ltr' id='par_1_2' title="bbox 63 225 969 3290">
     <span class='ocr_line' id='line_1_2' title="bbox 120 225 734 298; baseline 0.003 -16"><span class='ocrx_word' id='word_1_2' title='bbox 120 225 213 282; x_wconf 90' lang='lat' dir='ltr'>mollia</span> <span class='ocrx_word' id='word_1_3' title='bbox 229 228 338 284; x_wconf 79' lang='lat' dir='ltr'>mortali</span> <span class='ocrx_word' id='word_1_4' title='bbox 354 229 503 285; x_wconf 73' lang='lat' dir='ltr'>consistere</span> <span class='ocrx_word' id='word_1_5' title='bbox 520 244 634 298; x_wconf 84' lang='lat' dir='ltr'>corpore</span> <span class='ocrx_word' id='word_1_6' title='bbox 651 234 734 285; x_wconf 83' lang='lat' dir='ltr'>creta.</span> 
     </span>
     <span class='ocr_line' id='line_1_3' title="bbox 120 301 882 374; baseline 0.007 -16"><span class='ocrx_word' id='word_1_7' title='bbox 120 303 170 358; x_wconf 92' lang='lat' dir='ltr'>sed</span> <span class='ocrx_word' id='word_1_8' title='bbox 186 301 279 358; x_wconf 86' lang='lat' dir='ltr'>tamen</span> <span class='ocrx_word' id='word_1_9' title='bbox 297 309 356 359; x_wconf 85' lang='lat' dir='ltr'>esto</span> <span class='ocrx_word' id='word_1_10' title='bbox 373 305 428 359; x_wconf 87' lang='lat' dir='ltr'>iam</span> <span class='ocrx_word' id='word_1_11' title='bbox 446 320 527 374; x_wconf 86' lang='lat' dir='ltr'>posse</span> <span class='ocrx_word' id='word_1_12' title='bbox 544 304 612 359; x_wconf 86' lang='lat' dir='ltr'>haee</span> <span class='ocrx_word' id='word_1_13' title='bbox 628 309 741 361; x_wconf 85' lang='lat' dir='ltr'>aeterua</span> <span class='ocrx_word' id='word_1_14' title='bbox 759 324 882 364; x_wconf 80' lang='lat' dir='ltr'>nrmrero:</span> 
     </span>
     <span class='ocr_line' id='line_1_4' title="bbox 118 381 863 451; baseline 0.009 -18"><span class='ocrx_word' id='word_1_15' title='bbox 118 397 217 449; x_wconf 87' lang='lat' dir='ltr'>nempe</span> <span class='ocrx_word' id='word_1_16' title='bbox 234 383 327 434; x_wconf 87' lang='lat' dir='ltr'>tamen</span> <span class='ocrx_word' id='word_1_17' title='bbox 345 381 448 436; x_wconf 82' lang='lat' dir='ltr'>debent</span> <span class='ocrx_word' id='word_1_18' title='bbox 465 383 514 434; x_wconf 86' lang='lat' dir='ltr'>aut</span> <span class='ocrx_word' id='word_1_19' title='bbox 531 396 639 435; x_wconf 87' lang='lat' dir='ltr'>sensum</span> <span class='ocrx_word' id='word_1_20' title='bbox 656 383 744 451; x_wconf 82' lang='lat' dir='ltr'>partis</span> <span class='ocrx_word' id='word_1_21' title='bbox 760 384 863 440; x_wconf 86' lang='lat' dir='ltr'>habere</span> 
     </span>
     <span class='ocr_line' id='line_1_5' title="bbox 118 456 723 530; baseline 0.007 -19"><span class='ocrx_word' id='word_1_22' title='bbox 118 460 166 511; x_wconf 87' lang='lat' dir='ltr'>aut</span> <span class='ocrx_word' id='word_1_23' title='bbox 184 456 265 509; x_wconf 87' lang='lat' dir='ltr'>simili</span> <span class='ocrx_word' id='word_1_24' title='bbox 282 457 349 510; x_wconf 90' lang='lat' dir='ltr'>totis</span> <span class='ocrx_word' id='word_1_25' title='bbox 367 457 530 512; x_wconf 81' lang='lat' dir='ltr'>animalibus</span> <span class='ocrx_word' id='word_1_26' title='bbox 546 476 607 514; x_wconf 86' lang='lat' dir='ltr'>esse</span> <span class='ocrx_word' id='word_1_27' title='bbox 624 461 723 530; x_wconf 83' lang='lat' dir='ltr'>putari.</span> 
     </span>
     <span class='ocr_line' id='line_1_6' title="bbox 117 536 969 605; baseline 0.011 -18"><span class='ocrx_word' id='word_1_28' title='bbox 117 537 147 588; x_wconf 87' lang='lat' dir='ltr'>at</span> <span class='ocrx_word' id='word_1_29' title='bbox 164 536 301 602; x_wconf 77' lang='lat' dir='ltr'>nequeant</span> <span class='ocrx_word' id='word_1_30' title='bbox 318 550 369 602; x_wconf 88' lang='lat' dir='ltr'>per</span> <span class='ocrx_word' id='word_1_31' title='bbox 387 550 416 587; x_wconf 85' lang='lat' dir='ltr'>se</span> <span class='ocrx_word' id='word_1_32' title='bbox 433 538 528 604; x_wconf 87' lang='lat' dir='ltr'>partes</span> <span class='ocrx_word' id='word_1_33' title='bbox 547 536 649 590; x_wconf 87' lang='lat' dir='ltr'>sentire</span> <span class='ocrx_word' id='word_1_34' title='bbox 666 553 777 592; x_wconf 86' lang='lat' dir='ltr'>neeesse</span> <span class='ocrx_word' id='word_1_35' title='bbox 794 541 853 605; x_wconf 84' lang='lat' dir='ltr'>est;</span> <span class='ocrx_word' id='word_1_36' title='bbox 932 557 969 596; x_wconf 83' lang='lat' dir='ltr'>ero</span> 
     </span>
     <span class='ocr_line' id='line_1_7' title="bbox 116 609 865 683; baseline 0.007 -20"><span class='ocrx_word' id='word_1_37' title='bbox 116 625 236 678; x_wconf 88' lang='lat' dir='ltr'>namque</span> <span class='ocrx_word' id='word_1_38' title='bbox 255 609 308 663; x_wconf 86' lang='lat' dir='ltr'>alio</span> <span class='ocrx_word' id='word_1_39' title='bbox 326 627 421 664; x_wconf 84' lang='lat' dir='ltr'>sensus</span> <span class='ocrx_word' id='word_1_40' title='bbox 438 611 623 666; x_wconf 89' lang='lat' dir='ltr'>membrorum</span> <span class='ocrx_word' id='word_1_41' title='bbox 641 614 753 682; x_wconf 82' lang='lat' dir='ltr'>respicit</span> <span class='ocrx_word' id='word_1_42' title='bbox 771 617 865 683; x_wconf 90' lang='lat' dir='ltr'>omnis,</span> 
     </span>
     <span class='ocr_line' id='line_1_8' title="bbox 115 685 871 758; baseline 0.007 -18"><span class='ocrx_word' id='word_1_43' title='bbox 115 703 167 740; x_wconf 87' lang='lat' dir='ltr'>neo</span> <span class='ocrx_word' id='word_1_44' title='bbox 184 700 281 738; x_wconf 91' lang='lat' dir='ltr'>manus</span> <span class='ocrx_word' id='word_1_45' title='bbox 299 701 316 738; x_wconf 91' lang='lat' dir='ltr'>a</span> <span class='ocrx_word' id='word_1_46' title='bbox 333 685 410 739; x_wconf 87' lang='lat' dir='ltr'>nobis</span> <span class='ocrx_word' id='word_1_47' title='bbox 427 686 501 756; x_wconf 86' lang='lat' dir='ltr'>potis</span> <span class='ocrx_word' id='word_1_48' title='bbox 519 691 562 742; x_wconf 90' lang='lat' dir='ltr'>est</span> <span class='ocrx_word' id='word_1_49' title='bbox 579 692 687 742; x_wconf 86' lang='lat' dir='ltr'>secreta</span> <span class='ocrx_word' id='word_1_50' title='bbox 704 706 792 758; x_wconf 86' lang='lat' dir='ltr'>neque</span> <span class='ocrx_word' id='word_1_51' title='bbox 808 691 871 753; x_wconf 72' lang='lat' dir='ltr'>ulla,</span> 
     </span>
     <span class='ocr_line' id='line_1_9' title="bbox 115 761 764 833; baseline 0.003 -15"><span class='ocrx_word' id='word_1_52' title='bbox 115 761 238 833; x_wconf 85' lang='lat' dir='ltr'>eorporis</span> <span class='ocrx_word' id='word_1_53' title='bbox 255 762 363 815; x_wconf 93' lang='lat' dir='ltr'>omnino</span> <span class='ocrx_word' id='word_1_54' title='bbox 381 778 489 816; x_wconf 86' lang='lat' dir='ltr'>sensum</span> <span class='ocrx_word' id='word_1_55' title='bbox 507 779 572 832; x_wconf 85' lang='lat' dir='ltr'>pars</span> <span class='ocrx_word' id='word_1_56' title='bbox 589 765 647 818; x_wconf 85' lang='lat' dir='ltr'>sola</span> <span class='ocrx_word' id='word_1_57' title='bbox 663 769 764 820; x_wconf 89' lang='lat' dir='ltr'>tenore.</span> 
     </span>
     <span class='ocr_line' id='line_1_10' title="bbox 114 838 802 909; baseline 0.004 -15"><span class='ocrx_word' id='word_1_58' title='bbox 114 840 246 909; x_wconf 83' lang='lat' dir='ltr'>linquitur</span> <span class='ocrx_word' id='word_1_59' title='bbox 262 840 295 892; x_wconf 90' lang='lat' dir='ltr'>ut</span> <span class='ocrx_word' id='word_1_60' title='bbox 312 839 379 893; x_wconf 86' lang='lat' dir='ltr'>totis</span> <span class='ocrx_word' id='word_1_61' title='bbox 396 838 579 894; x_wconf 85' lang='lat' dir='ltr'>animantibus</span> <span class='ocrx_word' id='word_1_62' title='bbox 596 841 802 897; x_wconf 76' lang='lat' dir='ltr'>adsimulantur.</span> 
     </span>
     <span class='ocr_line' id='line_1_11' title="bbox 70 915 968 987; baseline 0.004 -16"><span class='ocrx_word' id='word_1_63' title='bbox 70 928 102 960; x_wconf 78' lang='lat'>⁹2³</span> <span class='ocrx_word' id='word_1_64' title='bbox 115 919 152 971; x_wconf 85' lang='lat' dir='ltr'>sio</span> <span class='ocrx_word' id='word_1_65' title='bbox 169 915 268 970; x_wconf 84' lang='lat' dir='ltr'>itidem</span> <span class='ocrx_word' id='word_1_66' title='bbox 286 932 355 984; x_wconf 90' lang='lat' dir='ltr'>quae</span> <span class='ocrx_word' id='word_1_67' title='bbox 374 915 506 971; x_wconf 88' lang='lat' dir='ltr'>sentimus</span> <span class='ocrx_word' id='word_1_68' title='bbox 524 917 627 972; x_wconf 88' lang='lat' dir='ltr'>sentire</span> <span class='ocrx_word' id='word_1_69' title='bbox 645 921 791 987; x_wconf 80' lang='lat' dir='ltr'>necessest,</span> <span class='ocrx_word' id='word_1_70' title='bbox 931 935 968 976; x_wconf 75' lang='lat' dir='ltr'>ers</span> 
     </span>
     <span class='ocr_line' id='line_1_12' title="bbox 69 992 775 1062; baseline 0.008 -20"><span class='ocrx_word' id='word_1_71' title='bbox 69 1010 101 1042; x_wconf 77' lang='lat' dir='ltr'>ars</span> <span class='ocrx_word' id='word_1_72' title='bbox 113 993 189 1048; x_wconf 83' lang='lat' dir='ltr'>vitali</span> <span class='ocrx_word' id='word_1_73' title='bbox 206 996 239 1047; x_wconf 91' lang='lat' dir='ltr'>ut</span> <span class='ocrx_word' id='word_1_74' title='bbox 256 992 361 1062; x_wconf 89' lang='lat' dir='ltr'>possint</span> <span class='ocrx_word' id='word_1_75' title='bbox 379 992 532 1048; x_wconf 84' lang='lat' dir='ltr'>consentire</span> <span class='ocrx_word' id='word_1_76' title='bbox 549 993 669 1062; x_wconf 89' lang='lat' dir='ltr'>undique</span> <span class='ocrx_word' id='word_1_77' title='bbox 688 1010 775 1048; x_wconf 87' lang='lat' dir='ltr'>sensu.</span> 
     </span>
     <span class='ocr_line' id='line_1_13' title="bbox 113 1069 757 1141; baseline 0 -17"><span class='ocrx_word' id='word_1_78' title='bbox 113 1071 159 1138; x_wconf 93' lang='lat' dir='ltr'>qui</span> <span class='ocrx_word' id='word_1_79' title='bbox 177 1073 307 1141; x_wconf 85' lang='lat' dir='ltr'>poterunt</span> <span class='ocrx_word' id='word_1_80' title='bbox 325 1069 409 1136; x_wconf 87' lang='lat' dir='ltr'>igitur</span> <span class='ocrx_word' id='word_1_81' title='bbox 425 1086 518 1124; x_wconf 84' lang='lat' dir='ltr'>rerum</span> <span class='ocrx_word' id='word_1_82' title='bbox 535 1070 685 1138; x_wconf 83' lang='lat' dir='ltr'>primordia</span> <span class='ocrx_word' id='word_1_83' title='bbox 702 1069 757 1124; x_wconf 79' lang='lat' dir='ltr'>&lt;lici</span> 
     </span>
     <span class='ocr_line' id='line_1_14' title="bbox 112 1146 699 1214; baseline -0.002 -13"><span class='ocrx_word' id='word_1_84' title='bbox 112 1150 141 1201; x_wconf 89' lang='lat' dir='ltr'>et</span> <span class='ocrx_word' id='word_1_85' title='bbox 158 1147 207 1202; x_wconf 86' lang='lat' dir='ltr'>leti</span> <span class='ocrx_word' id='word_1_86' title='bbox 225 1146 313 1201; x_wconf 85' lang='lat' dir='ltr'>vitare</span> <span class='ocrx_word' id='word_1_87' title='bbox 330 1146 395 1212; x_wconf 85' lang='lat' dir='ltr'>vias,</span> <span class='ocrx_word' id='word_1_88' title='bbox 414 1146 540 1199; x_wconf 86' lang='lat' dir='ltr'>animalia</span> <span class='ocrx_word' id='word_1_89' title='bbox 556 1162 618 1200; x_wconf 89' lang='lat' dir='ltr'>eum</span> <span class='ocrx_word' id='word_1_90' title='bbox 636 1146 699 1214; x_wconf 83' lang='lat' dir='ltr'>sint,</span> 
     </span>
     <span class='ocr_line' id='line_1_15' title="bbox 112 1220 854 1292; baseline 0.001 -16"><span class='ocrx_word' id='word_1_91' title='bbox 112 1223 202 1292; x_wconf 88' lang='lat' dir='ltr'>adque</span> <span class='ocrx_word' id='word_1_92' title='bbox 220 1222 343 1276; x_wconf 87' lang='lat' dir='ltr'>animalia</span> <span class='ocrx_word' id='word_1_93' title='bbox 360 1221 420 1274; x_wconf 81' lang='lat' dir='ltr'>sint</span> <span class='ocrx_word' id='word_1_94' title='bbox 436 1220 597 1274; x_wconf 82' lang='lat' dir='ltr'>mortalibus</span> <span class='ocrx_word' id='word_1_95' title='bbox 614 1238 669 1275; x_wconf 90' lang='lat' dir='ltr'>una</span> <span class='ocrx_word' id='word_1_96' title='bbox 686 1223 854 1291; x_wconf 83' lang='lat' dir='ltr'>eademquei</span> 
     </span>
     <span class='ocr_line' id='line_1_16' title="bbox 111 1295 963 1366; baseline 0.002 -14"><span class='ocrx_word' id='word_1_97' title='bbox 111 1299 186 1366; x_wconf 87' lang='lat' dir='ltr'>quod</span> <span class='ocrx_word' id='word_1_98' title='bbox 202 1302 295 1353; x_wconf 88' lang='lat' dir='ltr'>tamen</span> <span class='ocrx_word' id='word_1_99' title='bbox 311 1300 343 1351; x_wconf 93' lang='lat' dir='ltr'>ut</span> <span class='ocrx_word' id='word_1_100' title='bbox 360 1295 474 1365; x_wconf 85' lang='lat' dir='ltr'>possint,</span> <span class='ocrx_word' id='word_1_101' title='bbox 493 1300 523 1349; x_wconf 85' lang='lat' dir='ltr'>at</span> <span class='ocrx_word' id='word_1_102' title='bbox 541 1300 620 1349; x_wconf 87' lang='lat' dir='ltr'>coetu</span> <span class='ocrx_word' id='word_1_103' title='bbox 637 1299 807 1366; x_wconf 83' lang='lat' dir='ltr'>concilioque</span> <span class='ocrx_word' id='word_1_104' title='bbox 926 1314 963 1354; x_wconf 81' lang='lat' dir='ltr'>eze</span> 
     </span>
     <span class='ocr_line' id='line_1_17' title="bbox 66 1371 899 1444; baseline -0.001 -17"><span class='ocrx_word' id='word_1_105' title='bbox 66 1384 98 1416; x_wconf 73' lang='lat'>⁹2⁰</span> <span class='ocrx_word' id='word_1_106' title='bbox 110 1375 148 1427; x_wconf 91' lang='lat' dir='ltr'>nil</span> <span class='ocrx_word' id='word_1_107' title='bbox 165 1373 268 1428; x_wconf 83' lang='lat' dir='ltr'>facient</span> <span class='ocrx_word' id='word_1_108' title='bbox 286 1376 398 1444; x_wconf 88' lang='lat' dir='ltr'>praetor</span> <span class='ocrx_word' id='word_1_109' title='bbox 415 1371 524 1440; x_wconf 89' lang='lat' dir='ltr'>volgum</span> <span class='ocrx_word' id='word_1_110' title='bbox 542 1371 706 1441; x_wconf 81' lang='lat' dir='ltr'>turbamque</span> <span class='ocrx_word' id='word_1_111' title='bbox 723 1374 899 1442; x_wconf 80' lang='lat' dir='ltr'>animantum,</span> 
     </span>
     <span class='ocr_line' id='line_1_18' title="bbox 110 1448 850 1518; baseline -0.001 -14"><span class='ocrx_word' id='word_1_112' title='bbox 110 1451 214 1505; x_wconf 87' lang='lat' dir='ltr'>scilieet</span> <span class='ocrx_word' id='word_1_113' title='bbox 231 1452 263 1504; x_wconf 91' lang='lat' dir='ltr'>ut</span> <span class='ocrx_word' id='word_1_114' title='bbox 280 1452 421 1518; x_wconf 85' lang='lat' dir='ltr'>nequeunt</span> <span class='ocrx_word' id='word_1_115' title='bbox 438 1448 560 1501; x_wconf 89' lang='lat' dir='ltr'>homines</span> <span class='ocrx_word' id='word_1_116' title='bbox 578 1450 703 1502; x_wconf 85' lang='lat' dir='ltr'>amrenta</span> <span class='ocrx_word' id='word_1_117' title='bbox 720 1449 850 1518; x_wconf 84' lang='lat' dir='ltr'>feraeque</span> 
     </span>
     <span class='ocr_line' id='line_1_19' title="bbox 108 1525 795 1593; baseline -0.001 -13"><span class='ocrx_word' id='word_1_118' title='bbox 108 1528 180 1583; x_wconf 88' lang='lat' dir='ltr'>inter</span> <span class='ocrx_word' id='word_1_119' title='bbox 198 1543 258 1582; x_wconf 87' lang='lat' dir='ltr'>sese</span> <span class='ocrx_word' id='word_1_120' title='bbox 275 1526 358 1580; x_wconf 87' lang='lat' dir='ltr'>ullam</span> <span class='ocrx_word' id='word_1_121' title='bbox 376 1541 435 1578; x_wconf 87' lang='lat' dir='ltr'>rem</span> <span class='ocrx_word' id='word_1_122' title='bbox 454 1525 568 1593; x_wconf 82' lang='lat' dir='ltr'>gignere</span> <span class='ocrx_word' id='word_1_123' title='bbox 585 1525 779 1580; x_wconf 78' lang='lat' dir='ltr'>conveniendo.</span> <span class='ocrx_word' id='word_1_124' title='bbox 794 1565 795 1568; x_wconf 17' lang='grc' dir='ltr'>η</span> 
     </span>
     <span class='ocr_line' id='line_1_20' title="bbox 63 1601 827 1672; baseline 0.007 -20"><span class='ocrx_word' id='word_1_125' title='bbox 63 1621 95 1652; x_wconf 75' lang='lat' dir='ltr'>aa</span> <span class='ocrx_word' id='word_1_126' title='bbox 108 1604 182 1672; x_wconf 91' lang='lat' dir='ltr'>quod</span> <span class='ocrx_word' id='word_1_127' title='bbox 199 1604 222 1658; x_wconf 94' lang='lat' dir='ltr'>si</span> <span class='ocrx_word' id='word_1_128' title='bbox 239 1603 311 1657; x_wconf 84' lang='lat' dir='ltr'>forto</span> <span class='ocrx_word' id='word_1_129' title='bbox 328 1619 406 1655; x_wconf 90' lang='lat' dir='ltr'>suum</span> <span class='ocrx_word' id='word_1_130' title='bbox 425 1601 568 1655; x_wconf 86' lang='lat' dir='ltr'>dimittunt</span> <span class='ocrx_word' id='word_1_131' title='bbox 586 1617 701 1672; x_wconf 84' lang='lat' dir='ltr'>oorpme</span> <span class='ocrx_word' id='word_1_132' title='bbox 718 1618 827 1657; x_wconf 80' lang='lat' dir='ltr'>sermm</span> 
     </span>
     <span class='ocr_line' id='line_1_21' title="bbox 107 1677 960 1749; baseline 0.004 -15"><span class='ocrx_word' id='word_1_133' title='bbox 107 1683 189 1749; x_wconf 86' lang='lat' dir='ltr'>atque</span> <span class='ocrx_word' id='word_1_134' title='bbox 202 1681 284 1734; x_wconf 87' lang='lat' dir='ltr'>alium</span> <span class='ocrx_word' id='word_1_135' title='bbox 297 1678 415 1746; x_wconf 88' lang='lat' dir='ltr'>capiunt,</span> <span class='ocrx_word' id='word_1_136' title='bbox 429 1677 496 1746; x_wconf 92' lang='lat' dir='ltr'>quid</span> <span class='ocrx_word' id='word_1_137' title='bbox 507 1694 576 1748; x_wconf 92' lang='lat' dir='ltr'>opus</span> <span class='ocrx_word' id='word_1_138' title='bbox 587 1678 641 1733; x_wconf 82' lang='lat' dir='ltr'>fuit</span> <span class='ocrx_word' id='word_1_139' title='bbox 651 1679 771 1734; x_wconf 76' lang='lat' dir='ltr'>&#39;adtribui</span> <span class='ocrx_word' id='word_1_140' title='bbox 782 1679 814 1733; x_wconf 91' lang='lat' dir='ltr'>id</span> <span class='ocrx_word' id='word_1_141' title='bbox 824 1681 899 1749; x_wconf 84' lang='lat' dir='ltr'>quod</span> <span class='ocrx_word' id='word_1_142' title='bbox 923 1694 960 1736; x_wconf 77' lang='lat'>925</span> 
     </span>
     <span class='ocr_line' id='line_1_22' title="bbox 107 1754 837 1824; baseline 0.003 -16"><span class='ocrx_word' id='word_1_143' title='bbox 107 1755 278 1810; x_wconf 84' lang='lat' dir='ltr'>detrahituri</span> <span class='ocrx_word' id='word_1_144' title='bbox 296 1759 355 1808; x_wconf 83' lang='lat' dir='ltr'>tum</span> <span class='ocrx_word' id='word_1_145' title='bbox 372 1758 524 1824; x_wconf 85' lang='lat' dir='ltr'>praeterea,</span> <span class='ocrx_word' id='word_1_146' title='bbox 542 1754 617 1824; x_wconf 90' lang='lat' dir='ltr'>quod</span> <span class='ocrx_word' id='word_1_147' title='bbox 634 1755 748 1810; x_wconf 89' lang='lat' dir='ltr'>vieimus</span> <span class='ocrx_word' id='word_1_148' title='bbox 764 1758 837 1824; x_wconf 81' lang='lat' dir='ltr'>ante,</span> 
     </span>
     <span class='ocr_line' id='line_1_23' title="bbox 106 1831 722 1900; baseline 0 -14"><span class='ocrx_word' id='word_1_149' title='bbox 106 1836 240 1900; x_wconf 89' lang='lat' dir='ltr'>quatenus</span> <span class='ocrx_word' id='word_1_150' title='bbox 257 1833 285 1885; x_wconf 92' lang='lat' dir='ltr'>in</span> <span class='ocrx_word' id='word_1_151' title='bbox 302 1831 393 1899; x_wconf 70' lang='lat' dir='ltr'>pullos⁴</span> <span class='ocrx_word' id='word_1_152' title='bbox 409 1831 533 1885; x_wconf 90' lang='lat' dir='ltr'>animalis</span> <span class='ocrx_word' id='word_1_153' title='bbox 550 1832 654 1886; x_wconf 80' lang='lat' dir='ltr'>vertier</span> <span class='ocrx_word' id='word_1_154' title='bbox 671 1848 722 1886; x_wconf 83' lang='lat' dir='ltr'>ova</span> 
     </span>
     <span class='ocr_line' id='line_1_24' title="bbox 105 1908 823 1974; baseline 0.001 -12"><span class='ocrx_word' id='word_1_155' title='bbox 105 1909 239 1962; x_wconf 87' lang='lat' dir='ltr'>cernimus</span> <span class='ocrx_word' id='word_1_156' title='bbox 257 1908 370 1962; x_wconf 89' lang='lat' dir='ltr'>alituum</span> <span class='ocrx_word' id='word_1_157' title='bbox 388 1908 544 1974; x_wconf 74' lang='lat' dir='ltr'>vermisque</span> <span class='ocrx_word' id='word_1_158' title='bbox 561 1908 702 1973; x_wconf 83' lang='lat' dir='ltr'>effervere,</span> <span class='ocrx_word' id='word_1_159' title='bbox 719 1912 823 1962; x_wconf 82' lang='lat' dir='ltr'>terram</span> 
     </span>
     <span class='ocr_line' id='line_1_25' title="bbox 103 1981 786 2053; baseline 0.003 -18"><span class='ocrx_word' id='word_1_160' title='bbox 103 1983 312 2053; x_wconf 85' lang='lat' dir='ltr'>intempestivos</span> <span class='ocrx_word' id='word_1_161' title='bbox 330 2000 412 2052; x_wconf 89' lang='lat' dir='ltr'>quom</span> <span class='ocrx_word' id='word_1_162' title='bbox 431 1987 512 2052; x_wconf 86' lang='lat' dir='ltr'>putor</span> <span class='ocrx_word' id='word_1_163' title='bbox 530 1984 606 2051; x_wconf 88' lang='lat' dir='ltr'>oepit</span> <span class='ocrx_word' id='word_1_164' title='bbox 623 1982 659 2036; x_wconf 91' lang='lat' dir='ltr'>ob</span> <span class='ocrx_word' id='word_1_165' title='bbox 676 1981 786 2052; x_wconf 74' lang='lat' dir='ltr'>imbris,&#39;</span> 
     </span>
     <span class='ocr_line' id='line_1_26' title="bbox 103 2058 957 2128; baseline 0.004 -16"><span class='ocrx_word' id='word_1_166' title='bbox 103 2058 173 2113; x_wconf 87' lang='lat' dir='ltr'>seire</span> <span class='ocrx_word' id='word_1_167' title='bbox 190 2060 254 2113; x_wconf 85' lang='lat' dir='ltr'>lieet</span> <span class='ocrx_word' id='word_1_168' title='bbox 271 2060 346 2128; x_wconf 81' lang='lat' dir='ltr'>gigni</span> <span class='ocrx_word' id='word_1_169' title='bbox 363 2076 442 2127; x_wconf 87' lang='lat' dir='ltr'>posse</span> <span class='ocrx_word' id='word_1_170' title='bbox 460 2074 494 2111; x_wconf 85' lang='lat' dir='ltr'>ex</span> <span class='ocrx_word' id='word_1_171' title='bbox 513 2073 567 2110; x_wconf 91' lang='lat' dir='ltr'>nen</span> <span class='ocrx_word' id='word_1_172' title='bbox 585 2058 701 2112; x_wconf 82' lang='lat' dir='ltr'>sensibu&#39;</span> <span class='ocrx_word' id='word_1_173' title='bbox 719 2075 820 2113; x_wconf 90' lang='lat' dir='ltr'>sensus.</span> <span class='ocrx_word' id='word_1_174' title='bbox 920 2074 957 2115; x_wconf 80' lang='lat' dir='ltr'>ooo</span> 
     </span>
     <span class='ocr_line' id='line_1_27' title="bbox 138 2133 799 2202; baseline 0.002 -14"><span class='ocrx_word' id='word_1_175' title='bbox 138 2135 217 2200; x_wconf 84' lang='lat' dir='ltr'>Quod</span> <span class='ocrx_word' id='word_1_176' title='bbox 235 2135 257 2189; x_wconf 91' lang='lat' dir='ltr'>si</span> <span class='ocrx_word' id='word_1_177' title='bbox 274 2136 347 2189; x_wconf 87' lang='lat' dir='ltr'>forte</span> <span class='ocrx_word' id='word_1_178' title='bbox 364 2135 460 2202; x_wconf 86' lang='lat' dir='ltr'>aliquis</span> <span class='ocrx_word' id='word_1_179' title='bbox 478 2133 553 2188; x_wconf 83' lang='lat' dir='ltr'>diest</span> <span class='ocrx_word' id='word_1_180' title='bbox 571 2135 716 2189; x_wconf 87' lang='lat' dir='ltr'>dumtaxat</span> <span class='ocrx_word' id='word_1_181' title='bbox 733 2135 799 2189; x_wconf 88' lang='lat' dir='ltr'>oriri</span> 
     </span>
     <span class='ocr_line' id='line_1_28' title="bbox 102 2209 745 2280; baseline 0.002 -16"><span class='ocrx_word' id='word_1_182' title='bbox 102 2228 181 2280; x_wconf 86' lang='lat' dir='ltr'>posse</span> <span class='ocrx_word' id='word_1_183' title='bbox 199 2228 235 2265; x_wconf 88' lang='lat' dir='ltr'>ox</span> <span class='ocrx_word' id='word_1_184' title='bbox 252 2228 307 2265; x_wconf 92' lang='lat' dir='ltr'>non</span> <span class='ocrx_word' id='word_1_185' title='bbox 325 2227 405 2265; x_wconf 91' lang='lat' dir='ltr'>sensu</span> <span class='ocrx_word' id='word_1_186' title='bbox 423 2227 532 2264; x_wconf 91' lang='lat' dir='ltr'>sensum</span> <span class='ocrx_word' id='word_1_187' title='bbox 550 2209 745 2280; x_wconf 82' lang='lat' dir='ltr'>mutabilitate,</span> 
     </span>
     <span class='ocr_line' id='line_1_29' title="bbox 100 2285 851 2358; baseline 0.001 -18"><span class='ocrx_word' id='word_1_188' title='bbox 100 2292 149 2341; x_wconf 70' lang='lat' dir='ltr'>aaut</span> <span class='ocrx_word' id='word_1_189' title='bbox 166 2287 256 2357; x_wconf 87' lang='lat' dir='ltr'>aliquo</span> <span class='ocrx_word' id='word_1_190' title='bbox 273 2291 413 2355; x_wconf 89' lang='lat' dir='ltr'>tamquam</span> <span class='ocrx_word' id='word_1_191' title='bbox 430 2289 512 2355; x_wconf 84' lang='lat' dir='ltr'>partu</span> <span class='ocrx_word' id='word_1_192' title='bbox 531 2285 606 2358; x_wconf 93' lang='lat' dir='ltr'>quod</span> <span class='ocrx_word' id='word_1_193' title='bbox 623 2287 750 2356; x_wconf 86' lang='lat' dir='ltr'>proditus</span> <span class='ocrx_word' id='word_1_194' title='bbox 767 2290 851 2355; x_wconf 85' lang='lat' dir='ltr'>extet,</span> 
     </span>
     <span class='ocr_line' id='line_1_30' title="bbox 101 2362 881 2434; baseline 0.004 -18"><span class='ocrx_word' id='word_1_195' title='bbox 101 2363 164 2418; x_wconf 88' lang='lat' dir='ltr'>huie</span> <span class='ocrx_word' id='word_1_196' title='bbox 182 2363 248 2418; x_wconf 89' lang='lat' dir='ltr'>satis</span> <span class='ocrx_word' id='word_1_197' title='bbox 266 2362 334 2417; x_wconf 86' lang='lat' dir='ltr'>illud</span> <span class='ocrx_word' id='word_1_198' title='bbox 353 2363 406 2417; x_wconf 88' lang='lat' dir='ltr'>erit</span> <span class='ocrx_word' id='word_1_199' title='bbox 423 2363 535 2432; x_wconf 87' lang='lat' dir='ltr'>planum</span> <span class='ocrx_word' id='word_1_200' title='bbox 554 2363 645 2418; x_wconf 83' lang='lat' dir='ltr'>faeere</span> <span class='ocrx_word' id='word_1_201' title='bbox 663 2367 747 2433; x_wconf 85' lang='lat' dir='ltr'>atque</span> <span class='ocrx_word' id='word_1_202' title='bbox 763 2364 881 2434; x_wconf 86' lang='lat' dir='ltr'>probare</span> 
     </span>
     <span class='ocr_line' id='line_1_31' title="bbox 100 2439 953 2508; baseline 0.007 -16"><span class='ocrx_word' id='word_1_203' title='bbox 100 2457 152 2493; x_wconf 91' lang='lat' dir='ltr'>non</span> <span class='ocrx_word' id='word_1_204' title='bbox 171 2439 230 2493; x_wconf 92' lang='lat' dir='ltr'>fieri</span> <span class='ocrx_word' id='word_1_205' title='bbox 248 2443 357 2508; x_wconf 83' lang='lat' dir='ltr'>partum</span> <span class='ocrx_word' id='word_1_206' title='bbox 375 2440 428 2494; x_wconf 90' lang='lat' dir='ltr'>nisi</span> <span class='ocrx_word' id='word_1_207' title='bbox 446 2441 558 2495; x_wconf 88' lang='lat' dir='ltr'>coneilio</span> <span class='ocrx_word' id='word_1_208' title='bbox 576 2444 641 2495; x_wconf 86' lang='lat' dir='ltr'>ante</span> <span class='ocrx_word' id='word_1_209' title='bbox 659 2443 753 2496; x_wconf 82' lang='lat' dir='ltr'>coneto</span> <span class='ocrx_word' id='word_1_210' title='bbox 916 2457 953 2498; x_wconf 75' lang='lat' dir='ltr'>nos</span> 
     </span>
     <span class='ocr_line' id='line_1_32' title="bbox 98 2516 738 2586; baseline 0.006 -18"><span class='ocrx_word' id='word_1_211' title='bbox 98 2516 310 2586; x_wconf 85' lang='lat' dir='ltr'>necquicquam</span> <span class='ocrx_word' id='word_1_212' title='bbox 329 2517 491 2572; x_wconf 88' lang='lat' dir='ltr'>commutari</span> <span class='ocrx_word' id='word_1_213' title='bbox 510 2518 568 2572; x_wconf 90' lang='lat' dir='ltr'>sine</span> <span class='ocrx_word' id='word_1_214' title='bbox 586 2519 738 2573; x_wconf 79' lang='lat' dir='ltr'>conciliatu.</span> 
     </span>
     <span class='ocr_line' id='line_1_33' title="bbox 97 2592 702 2665; baseline 0.008 -21"><span class='ocrx_word' id='word_1_215' title='bbox 97 2592 228 2665; x_wconf 87' lang='lat' dir='ltr'>principio</span> <span class='ocrx_word' id='word_1_216' title='bbox 246 2598 385 2663; x_wconf 86' lang='lat' dir='ltr'>nequeunt</span> <span class='ocrx_word' id='word_1_217' title='bbox 402 2595 483 2648; x_wconf 90' lang='lat' dir='ltr'>ullius</span> <span class='ocrx_word' id='word_1_218' title='bbox 502 2595 623 2664; x_wconf 88' lang='lat' dir='ltr'>eorporis</span> <span class='ocrx_word' id='word_1_219' title='bbox 641 2611 702 2649; x_wconf 86' lang='lat' dir='ltr'>esse</span> 
     </span>
     <span class='ocr_line' id='line_1_34' title="bbox 95 2669 835 2740; baseline 0.005 -21"><span class='ocrx_word' id='word_1_220' title='bbox 95 2683 189 2721; x_wconf 89' lang='lat' dir='ltr'>sensus</span> <span class='ocrx_word' id='word_1_221' title='bbox 207 2672 271 2722; x_wconf 90' lang='lat' dir='ltr'>ante</span> <span class='ocrx_word' id='word_1_222' title='bbox 290 2669 377 2737; x_wconf 89' lang='lat' dir='ltr'>ipsam</span> <span class='ocrx_word' id='word_1_223' title='bbox 395 2673 517 2740; x_wconf 81' lang='lat' dir='ltr'>genitam</span> <span class='ocrx_word' id='word_1_224' title='bbox 536 2675 663 2724; x_wconf 87' lang='lat' dir='ltr'>naturam</span> <span class='ocrx_word' id='word_1_225' title='bbox 681 2671 835 2738; x_wconf 86' lang='lat' dir='ltr'>animantis,</span> 
     </span>
     <span class='ocr_line' id='line_1_35' title="bbox 95 2742 715 2813; baseline 0.008 -19"><span class='ocrx_word' id='word_1_226' title='bbox 95 2742 223 2796; x_wconf 92' lang='lat' dir='ltr'>nimirum</span> <span class='ocrx_word' id='word_1_227' title='bbox 241 2745 305 2813; x_wconf 91' lang='lat' dir='ltr'>quia</span> <span class='ocrx_word' id='word_1_228' title='bbox 324 2747 453 2800; x_wconf 81' lang='lat' dir='ltr'>materies</span> <span class='ocrx_word' id='word_1_229' title='bbox 472 2746 586 2801; x_wconf 85' lang='lat' dir='ltr'>disiecta</span> <span class='ocrx_word' id='word_1_230' title='bbox 603 2748 715 2800; x_wconf 86' lang='lat' dir='ltr'>tenetur</span> 
     </span>
     <span class='ocr_line' id='line_1_36' title="bbox 95 2819 951 2892; baseline 0.007 -22"><span class='ocrx_word' id='word_1_231' title='bbox 95 2833 158 2871; x_wconf 90' lang='lat' dir='ltr'>aere</span> <span class='ocrx_word' id='word_1_232' title='bbox 175 2819 332 2874; x_wconf 84' lang='lat' dir='ltr'>fluminibus</span> <span class='ocrx_word' id='word_1_233' title='bbox 350 2823 432 2876; x_wconf 87' lang='lat' dir='ltr'>terris</span> <span class='ocrx_word' id='word_1_234' title='bbox 450 2826 579 2892; x_wconf 85' lang='lat' dir='ltr'>terraque</span> <span class='ocrx_word' id='word_1_235' title='bbox 598 2821 705 2887; x_wconf 85' lang='lat' dir='ltr'>creatis,</span> <span class='ocrx_word' id='word_1_236' title='bbox 914 2834 951 2876; x_wconf 76' lang='lat' dir='ltr'>ele</span> 
     </span>
     <span class='ocr_line' id='line_1_37' title="bbox 93 2897 701 2963; baseline 0.008 -18"><span class='ocrx_word' id='word_1_237' title='bbox 93 2909 144 2946; x_wconf 90' lang='lat' dir='ltr'>neo</span> <span class='ocrx_word' id='word_1_238' title='bbox 161 2911 304 2963; x_wconf 82' lang='lat' dir='ltr'>congressa</span> <span class='ocrx_word' id='word_1_239' title='bbox 321 2897 402 2950; x_wconf 92' lang='lat' dir='ltr'>modo</span> <span class='ocrx_word' id='word_1_240' title='bbox 420 2899 510 2953; x_wconf 82' lang='lat' dir='ltr'>vitalis</span> <span class='ocrx_word' id='word_1_241' title='bbox 527 2897 701 2953; x_wconf 86' lang='lat' dir='ltr'>convenienti</span> 
     </span>
     <span class='ocr_line' id='line_1_38' title="bbox 94 2971 797 3045; baseline 0.001 -23"><span class='ocrx_word' id='word_1_242' title='bbox 94 2971 213 3024; x_wconf 87' lang='lat' dir='ltr'>contulit</span> <span class='ocrx_word' id='word_1_243' title='bbox 230 2973 302 3026; x_wconf 88' lang='lat' dir='ltr'>inter</span> <span class='ocrx_word' id='word_1_244' title='bbox 320 2991 349 3027; x_wconf 87' lang='lat' dir='ltr'>se</span> <span class='ocrx_word' id='word_1_245' title='bbox 367 2977 467 3045; x_wconf 88' lang='lat' dir='ltr'>motus,</span> <span class='ocrx_word' id='word_1_246' title='bbox 485 2975 587 3044; x_wconf 77' lang='lat' dir='ltr'>quibus</span> <span class='ocrx_word' id='word_1_247' title='bbox 605 2973 797 3028; x_wconf 65' lang='lat' dir='ltr'>omnituentes</span> 
     </span>
     <span class='ocr_line' id='line_1_39' title="bbox 87 3047 809 3127; baseline 0.018 -30"><span class='ocrx_word' id='word_1_248' title='bbox 87 3047 196 3100; x_wconf 77' lang='lat' dir='ltr'>accensi</span> <span class='ocrx_word' id='word_1_249' title='bbox 213 3066 311 3104; x_wconf 83' lang='lat' dir='ltr'>sensus</span> <span class='ocrx_word' id='word_1_250' title='bbox 329 3052 476 3110; x_wconf 86' lang='lat' dir='ltr'>animante</span> <span class='ocrx_word' id='word_1_251' title='bbox 493 3054 527 3111; x_wconf 89' lang='lat' dir='ltr'>in</span> <span class='ocrx_word' id='word_1_252' title='bbox 546 3071 663 3127; x_wconf 79' lang='lat' dir='ltr'>quaque</span> <span class='ocrx_word' id='word_1_253' title='bbox 680 3048 809 3104; x_wconf 55' lang='lat' dir='ltr'>exemi·</span> 
     </span>
     <span class='ocr_line' id='line_1_40' title="bbox 111 3116 910 3202; baseline 0.02 -26"><span class='ocrx_word' id='word_1_254' title='bbox 111 3119 267 3180; x_wconf 82' lang='lat' dir='ltr'>Praeterea</span> <span class='ocrx_word' id='word_1_255' title='bbox 286 3133 422 3199; x_wconf 87' lang='lat' dir='ltr'>quamvis</span> <span class='ocrx_word' id='word_1_256' title='bbox 442 3134 633 3192; x_wconf 82' lang='lat' dir='ltr'>animantem</span> <span class='ocrx_word' id='word_1_257' title='bbox 650 3127 798 3202; x_wconf 46' lang='lat' dir='ltr'>vanuum</span> <span class='ocrx_word' id='word_1_258' title='bbox 810 3116 910 3192; x_wconf 66' lang='lat' dir='ltr'>‘er</span> 
     </span>
     <span class='ocr_line' id='line_1_41' title="bbox 66 3193 913 3290; baseline 0.012 -33"><span class='ocrx_word' id='word_1_259' title='bbox 66 3207 152 3257; x_wconf 64' lang='lat' dir='ltr'>‘illam</span> <span class='ocrx_word' id='word_1_260' title='bbox 168 3201 288 3266; x_wconf 79' lang='lat' dir='ltr'>Patitur</span> <span class='ocrx_word' id='word_1_261' title='bbox 308 3213 427 3285; x_wconf 84' lang='lat' dir='ltr'>natura,</span> <span class='ocrx_word' id='word_1_262' title='bbox 449 3218 585 3290; x_wconf 77' lang='lat' dir='ltr'>reponte</span> <span class='ocrx_word' id='word_1_263' title='bbox 604 3209 737 3278; x_wconf 53' lang='lat' dir='ltr'>annunt</span> <span class='ocrx_word' id='word_1_264' title='bbox 752 3204 791 3256; x_wconf 50' lang='grc' dir='ltr'>ΘΝ</span> <span class='ocrx_word' id='word_1_265' title='bbox 808 3193 913 3244; x_wconf 47' lang='lat' dir='ltr'>mm*</span> 
     </span>
    </p>
   </div>
   <div class='ocr_carea' id='block_1_3' title="bbox 0 0 1024 3426">
    <p class='ocr_par' dir='ltr' id='par_1_3' title="bbox 0 0 1024 3426">
     <span class='ocr_line' id='line_1_42' title="bbox 0 0 1024 3426; baseline 0 9"><span class='ocrx_word' id='word_1_266' title='bbox 0 0 1024 3426; x_wconf 95' lang='lat' dir='ltr'> </span> 
     </span>
    </p>
   </div>
   <div class='ocr_carea' id='block_1_4' title="bbox 967 3170 1008 3291">
    <p class='ocr_par' dir='ltr' id='par_1_4' title="bbox 967 3170 1008 3291">
     <span class='ocr_line' id='line_1_43' title="bbox 967 3170 1008 3291; baseline 0 0"><span class='ocrx_word' id='word_1_267' title='bbox 967 3220 971 3225; x_wconf 92' lang='lat'><em>·</em></span> <span class='ocrx_word' id='word_1_268' title='bbox 993 3170 1008 3291; x_wconf 74' lang='lat' dir='ltr'>i</span> 
     </span>
    </p>
   </div>
  </div>
 </body>
</html>
