2040 3426
107 120 145 175 42
511 112 546 170 II

102 225 152 287 est,
171 224 201 274 ot
217 217 348 285 squalido
365 215 457 270 malta
474 222 573 271 creant
590 216 720 272 admixta·
732 217 834 272 doloris

100 312 216 368 corpora
222 315 230 361 ;
241 311 291 348 nee
303 296 396 347 tamen
406 293 474 347 haee
486 294 600 348 retineri
611 293 723 348 hamata
733 302 903 349 necessumst
905 313 920 360 ;

101 372 205 439 scilieet
224 388 285 428 esse
299 370 413 437 glebosa
429 373 530 437 tamen,
549 386 611 423 omn
630 371 756 438 squalida
773 374 908 439 constent,

100 446 222 516 provolvi
240 447 318 500 simul
336 449 368 499 ut
386 447 492 515 possint
509 450 538 499 et
555 446 668 500 laedere
686 464 789 501 seusus
919 461 957 502 suo

104 526 132 577 et
150 539 205 590 quo
222 522 309 576 mixta
325 526 407 592 putes
425 523 511 590 magis
529 540 627 592 aspera
643 523 749 578 levibus
767 539 827 577 esse

103 598 252 668 principiis,
269 597 344 652 unde
361 601 404 651 est
422 597 545 666 Neptuni
562 615 662 669 corpus
679 599 816 667 acerbum,

103 677 146 728 est
163 673 233 727 ratio
252 674 427 739 secernendi3
446 691 621 743 seorsumque
639 675 753 729 videndi

102 766 181 803 umor
199 749 293 817 dulcis,
311 749 359 802 ubi
376 766 427 819 per
444 753 535 803 terras
551 750 673 805 crebrius
690 751 764 804 idem

101 826 264 896 percolatur,
281 826 358 879 utin
375 827 482 879 foveam
500 827 567 880 fluat
584 844 616 880 ae
633 829 822 891 mansuescat;
919 837 956 879 475

102 903 201 971 linquit
219 903 291 955 cuim
309 917 409 970 supera
426 902 509 955 taetri
527 902 678 970 primordia
694 902 753 968 viri,

102 995 200 1047 aspera
216 994 300 1045 quom
317 977 405 1044 magis
421 977 448 1029 in
466 978 549 1030 terris
566 976 727 1031 haerescere
745 977 858 1046 possint.

138 1053 218 1117 Quod
235 1052 361 1119 quoniam
380 1051 467 1119 docui,
485 1069 599 1121 pergam
617 1055 760 1106 conectere
778 1068 837 1106 rem
855 1067 928 1119 quae
995 1103 998 1109 .

103 1146 137 1183 ex
155 1128 290 1198 hoeapta
306 1128 390 1181 fidem
409 1129 500 1196 ducat,
519 1128 670 1201 primordia
686 1144 778 1182 rerum

103 1206 181 1259 finita
198 1204 305 1258 variare
322 1204 472 1272 ligmarum
490 1204 602 1259 ratione.
920 1217 959 1256 cao

103 1281 177 1350 quod
195 1282 218 1334 si
234 1298 288 1335 non
306 1281 346 1334 ita
364 1281 408 1348 sit,
429 1297 539 1335 rursum
557 1281 611 1335 iam
630 1283 733 1336 semina
751 1280 887 1351 quaedam

104 1375 164 1412 esse
181 1358 287 1412 infinito
303 1355 448 1411 'debebunt
467 1358 587 1426 corporis
604 1361 694 1412 auctu.

104 1451 167 1487 nam
185 1434 312 1502 quoniam
330 1433 427 1486 eadem
445 1450 500 1486 una
517 1433 634 1486 cuiusvis
652 1435 680 1486 in
696 1433 835 1488 brevitate

50 1545 53 1551 ,
105 1511 226 1578 corporis
243 1510 316 1563 inter
334 1525 364 1562 se
381 1508 497 1562 multum
515 1510 621 1561 variare
638 1510 742 1576 figurae

104 1601 157 1638 non
173 1587 301 1653 possunt:
319 1584 362 1637 fac
381 1584 454 1636 enim
471 1583 589 1635 minimis
607 1600 623 1636 e
641 1585 765 1652 partibus
783 1601 844 1639 esse

105 1655 220 1729 corpora
236 1659 325 1729 prima
342 1658 437 1723 tribus,
457 1659 500 1711 vel
519 1659 599 1727 paulo
618 1659 741 1728 pluribus
758 1676 844 1728 auge;

105 1752 203 1804 nempe
220 1735 267 1788 uhi
284 1751 331 1787 eas
348 1733 436 1802 partis
453 1735 533 1787 unius
551 1736 672 1803 eorporis
690 1736 784 1802 omnis,

105 1827 210 1865 summa
227 1814 311 1877 atque
327 1810 382 1862 ima
399 1808 497 1877 locans,
515 1814 701 1865 transmutans
720 1811 836 1865 dextera
852 1810 945 1877 laevis,

106 1886 268 1940 omnimodis
286 1888 417 1954 expertus
435 1885 496 1953 cris,
515 1903 597 1954 quam
615 1886 730 1957 quisque
747 1887 797 1940 det
814 1885 882 1940 ordo

104 1962 202 2016 formai
219 1961 339 2031 speeiem
356 1961 442 2015 totius
461 1963 583 2030 corporis
601 1964 666 2031 eius,
922 1975 960 2013 roo

106 2038 180 2108 quod
198 2042 331 2108 superest,
350 2037 372 2089 si
390 2037 463 2091 forte
480 2038 554 2092 voles
571 2039 676 2094 variare
692 2040 802 2108 figuras,

107 2114 264 2168 addendum
281 2114 369 2184 partis
387 2114 453 2167 alias
472 2113 538 2178 crit3
555 2115 620 2168 inde
639 2117 775 2185 sequetur,
853 2148 856 2152 ,

107 2190 224 2245 adsimili
243 2191 347 2244 ratione
366 2190 431 2243 alias
449 2193 481 2243 ut
498 2192 620 2260 postulet
638 2191 714 2258 ordo,

106 2268 130 2320 si
147 2271 180 2321 tu
195 2263 267 2320 'ferte
286 2265 361 2319 voles
379 2267 463 2319 etiam
482 2267 586 2320 variare
606 2268 720 2335 figuras:

107 2359 172 2410 ergo
189 2342 337 2395 formarum
357 2343 506 2395 novitatem
525 2345 646 2412 corporis
663 2359 779 2410 augmen
922 2354 959 2392 sas

107 2417 287 2483 subsequitur.
305 2433 389 2484 quare
406 2433 459 2469 nou
478 2421 521 2470 est
538 2423 570 2472 ut
587 2418 700 2472 eredere
716 2419 804 2486 possis

108 2509 167 2546 csse
184 2491 298 2544 infinitis
316 2491 447 2544 distantia
464 2493 567 2545 semina
584 2493 685 2560 formis,

107 2585 142 2622 ne
159 2566 293 2636 quaedam
312 2583 394 2632 cogas
411 2567 512 2620 inmani
530 2567 698 2621 maximitate

107 2661 174 2713 csse,
193 2660 274 2713 supra
293 2641 437 2712 quodiam
456 2644 535 2697 docui
553 2661 606 2697 non
624 2660 704 2713 posse
720 2645 840 2714 probari.

105 2722 160 2775 iam
179 2719 229 2774 tibi
247 2719 406 2774 barbaricae
424 2722 515 2773 vestes
533 2719 724 2788 Meliboeaque
741 2721 848 2788 fulgens
923 2733 961 2772 too

106 2813 228 2866 purpura
246 2795 400 2850 Thessalico
418 2794 580 2849 concharum
598 2798 675 2850 tacta
691 2797 781 2851 coloro

107 2963 190 2999 aurea
207 2963 341 3014 pavonum
360 2948 464 3002 ridenti
481 2947 587 3003 imbuta
604 2948 699 3018 lepore

89 3020 191 3083 saecla,
210 3037 284 3074 noro
301 3041 395 3078 rerum
414 3026 548 3096 superata
565 3024 655 3079 colore
671 3024 793 3078 iacerent

74 3090 109 3136 ⁰⁸
123 3094 313 3162 00¹¹²0¹²1Ptus
331 3100 406 3156 odor
424 3119 559 3172 smyrnae
576 3101 725 3170 mellisque
741 3114 865 3167 sapores,

56 3158 92 3203 et
110 3175 218 3222 cycnea
239 3174 319 3226 molo
341 3177 547 3250 Phoebeaque
566 3177 693 3233 daedala
712 3174 827 3229 eneruis
952 3181 993 3217 sss
