2040 3426
526 117 543 172 Ι
939 121 954 178 7

109 217 186 272 unde
202 217 319 272 animale
335 234 422 286 genus
439 218 592 286 generatim
609 218 638 273 in
656 218 758 273 lumina
775 220 850 275 vitae

109 292 239 347 redducit
256 293 359 361 Venus,
376 297 425 348 aut
442 293 615 348 redductum
625 294 740 350 daedala
756 295 839 351 tellus

109 367 183 423 unde
200 369 250 423 alit
267 372 352 438 atque
370 371 455 437 auget
470 369 624 436 generatim
641 371 741 439 pabula
759 371 911 440 praeberet

109 445 183 498 unde
200 461 284 511 mare,
301 445 431 511 ingenuei
449 445 539 499 fontes
558 449 726 514 externaque
743 447 820 515 largo
924 464 961 501 mo

110 520 220 574 flumina
236 520 430 590 suppeditant?
448 521 634 593 ngldihffl'
652 523 743 576 sidera
759 523 864 591 pascitl

109 596 199 650 omnia
216 597 290 651 enim
308 596 399 661 debet,
416 596 527 650 mortali
545 612 660 666 corpore
677 613 748 665 quae
766 591 839 665 sunt,

108 672 216 725 infinita
233 673 309 725 aetas
326 688 488 749 consumpse
506 675 634 726 anteacta
651 673 771 740 diesque.

108 747 184 815 quod
201 747 225 801 si
242 747 271 800 in
288 763 321 801 eo
339 751 427 817 spatio
445 751 530 815 atque
547 751 674 803 anteacta
691 751 783 803 aetate
799 748 876 802 fuere

108 840 124 876 e
142 819 242 892 quibus
259 823 327 878 haec
344 840 436 877 rerum
454 824 579 879 consistit
597 839 703 878 summa
720 825 831 889 refecta,
927 838 962 875 aas

107 899 245 954 inmortali
263 903 327 954 sunt
343 904 443 953 natura
459 899 586 968 praedita
603 903 686 968 certe,
709 908 711 912 “

108 975 176 1029 lieet
192 975 277 1044 igitur
294 978 407 1044 possunt
425 975 461 1029 ad
477 975 564 1029 nilum
581 992 707 1045 quaeque
724 976 834 1031 reverti.

107 1050 226 1119 denique
243 1067 289 1104 res
306 1051 393 1105 omnis
411 1050 508 1105 eadem
526 1052 568 1106 vis
585 1067 723 1120 causaque
739 1052 820 1121 volgo
856 1114 859 1119 .

108 1126 261 1194 conficeret,
280 1127 333 1180 nisi
348 1127 479 1181 materies
497 1131 610 1182 aeterna
627 1130 745 1194 teneret,

109 1202 181 1255 inter
199 1218 229 1255 se
247 1218 320 1255 nexu
337 1202 427 1255 minus
442 1205 493 1256 aut
510 1203 595 1270 magis
614 1202 781 1271 indupedita.
924 1217 962 1255 aso

109 1280 201 1330 tactus
220 1276 292 1330 enim
310 1276 359 1330 leti
377 1278 443 1330 satis
461 1280 536 1330 esset
553 1293 634 1331 causa
651 1278 782 1344 profecto,
944 1334 947 1339 ,

109 1352 212 1420 quippe
230 1351 278 1405 ubi
296 1352 371 1405 nulla
387 1352 479 1406 forent
496 1355 607 1407 aeterno
624 1358 738 1420 corpore
756 1369 871 1420 quorum

109 1431 268 1482 contextum
286 1427 327 1481 vis
345 1427 461 1481 deberet
480 1427 628 1482 dissolvere
646 1443 779 1496 quaeque.

108 1506 139 1556 et
157 1520 234 1570 nune,
252 1503 326 1557 inter
343 1519 373 1557 se
389 1503 456 1572 quia
473 1520 560 1558 nexus
577 1503 771 1573 principiorum

109 1578 254 1632 dissimiles
272 1581 398 1633 constant
414 1581 581 1647 aeternaque
598 1579 728 1633 materies
745 1582 795 1646 est,
924 1595 953 1634 ar·

108 1654 236 1708 incolumi
253 1658 397 1708 remanent
414 1671 459 1709 res
477 1671 598 1724 corporo,
617 1654 683 1707 dum
702 1654 768 1710 satis
785 1656 857 1711 acris

109 1730 150 1783 vis
168 1729 250 1784 obeat
266 1746 316 1798 pro
333 1733 446 1784 textura
462 1731 593 1799 cuiusque
610 1733 728 1798 reperta

108 1804 184 1858 haud
200 1805 286 1873 igitur
303 1805 378 1859 redit
395 1806 432 1859 ad
448 1807 597 1860 nilum-ros
614 1806 676 1870 ulla,
694 1806 743 1859 sed
761 1823 854 1860 omnes

109 1880 224 1934 discidio
242 1880 360 1935 redeunt
376 1881 405 1934 in
423 1898 536 1951 corpora
553 1881 689 1935 materiai.

110 1959 247 2024 postremo
265 1959 381 2024 pereunt
398 1957 509 2022 imbres,
526 1956 573 2009 ubi
591 1972 638 2009 eos
655 1959 735 2023 pater
751 1956 848 2010 aether
924 1973 959 2014 25⁰

109 2032 138 2084 in
154 2032 288 2100 gremium
304 2033 401 2085 matris
418 2032 503 2086 terrai
522 2030 728 2100 praecipitavit3

109 2113 140 2161 at
156 2107 261 2160 nitidae
278 2109 394 2174 surgunt
410 2107 505 2175 fruges
522 2106 647 2173 ramique
664 2105 803 2160 virescunt

109 2182 259 2247 arboribus,
277 2186 404 2237 crescunt
419 2182 496 2250 ipsae
513 2182 628 2249 fetuque
645 2183 810 2247 gravantem

110 2259 172 2311 ltine
189 2257 273 2310 alitur
289 2272 370 2325 porro
387 2261 512 2310 nostrum
528 2271 614 2322 genus
632 2258 716 2322 atque
733 2255 859 2322 ferarum,

110 2334 173 2386 bine
190 2331 277 2385 lactes
294 2330 378 2385 urbes
393 2331 486 2400 pueris
503 2331 602 2384 florere
619 2329 744 2383 videmus
923 2349 958 2388 255

109 2407 328 2476 frondiferasque
345 2409 422 2462 novis
440 2407 534 2461 aribus
552 2422 650 2461 canere
667 2405 790 2474 undique
809 2406 904 2473 silvas3

109 2486 172 2538 hinc
189 2484 277 2537 fessae
294 2483 414 2551 pecudes
430 2482 525 2552 pingui
542 2499 592 2552 per
610 2482 711 2552 pabula
728 2481 802 2534 laeta

109 2576 222 2630 corpora
239 2559 379 2627 deponunt
396 2562 426 2612 et
443 2560 562 2613 candens
579 2560 685 2613 lacteus
701 2575 780 2613 umor

108 2636 239 2690 uberibus
256 2638 349 2688 manat
367 2635 510 2701 distentis3
533 2635 595 2689 hinc
613 2651 682 2689 nora
699 2634 791 2704 proles

108 2713 223 2767 artubus
239 2710 355 2764 infirmis
371 2712 481 2764 teneras
498 2711 598 2764 lesciva
615 2726 666 2780 per
682 2709 783 2763 herbas
923 2723 959 2762 aea

107 2789 179 2842 ludit
195 2787 267 2840 lacte
284 2801 360 2839 mero
377 2789 483 2839 mentes
500 2785 627 2854 perculsa
643 2784 770 2839 novellas.

108 2863 181 2917 haud
198 2861 282 2931 igitur
299 2860 409 2928 penitus
425 2863 549 2928 pereunt'
560 2875 748 2928 quaecumque
766 2858 902 2926 videntur,

108 2939 218 3008 quando
236 2937 296 3011 Q
310 2954 345 2990 ex
363 2937 416 2989 alio
434 2936 523 2990 reficit
540 2941 643 2990 natura
656 2951 712 2988 neo
725 2935 821 2986 ullam

104 3032 162 3067 rom
176 3014 256 3081 gigmi
270 3014 378 3082 patitur
395 3012 449 3068 nisi
467 3016 562 3069 morte
579 3012 685 3068 adiuta
700 3010 808 3065 aliena.
917 3065 926 3076 ⁸

127 3089 160 3140 N
159 3105 211 3143 uno
226 3106 287 3159 age,
309 3108 354 3146 res
365 3093 514 3166 ,quoniam
534 3091 627 3148 docui
642 3106 708 3145 non
721 3080 941 3166 posse-etam
997 3077 1002 3091 ¹

82 3161 122 3213 de
138 3163 196 3217 mlo
209 3181 312 3235 aeque
329 3170 405 3228 item
424 3174 552 3243 genitas
570 3170 615 3227 ud
632 3169 680 3223 nil
696 3169 854 3218 reuoca-ra
