2040 3426
473 127 509 184 II
896 129 936 186 31·

81 246 143 284 cum
161 232 254 283 tamon
271 227 344 282 inter
361 244 392 283 se
409 229 542 298 prostrati
557 228 587 282 in
603 228 726 297 gramine
743 230 820 285 molli
867 242 869 245 ’

80 308 194 374 propter
211 320 298 371 aquae
316 303 405 358 rivum
423 305 474 359 sub
492 305 575 359 ramis
592 304 696 359 arboris
713 305 787 360 altae
909 325 934 362 so

80 396 133 434 non
151 380 256 448 magnis
276 379 373 447 opibus
391 381 507 435 iucunde
525 396 638 449 corpora
654 385 757 447 curant

79 457 242 524 praesertim
260 472 322 509 oum
340 460 489 525 tempestas
507 456 619 511 adridet
636 458 666 510 et
683 459 746 510 anni

79 534 203 600 tempora
220 536 404 600 conspergunt
421 532 565 587 viridantis
582 531 695 586 floribus
712 532 820 588 herbas.

80 623 130 660 neo
147 606 252 660 calidae
270 607 351 661 citius
369 608 508 663 decedunt
526 624 639 677 corpore
656 607 753 671 febres,

79 681 223 736 textilibus
240 682 263 735 si
280 683 309 735 in
326 683 440 751 picturis
457 687 587 753 ostroque
604 682 714 738 rubenti
909 701 933 739 aa

77 757 196 824 motoris,
214 773 297 826 quam
316 758 338 811 si
356 758 385 813 in
401 759 509 828 plebeia
525 762 610 815 reste,
620 758 774 812 cubandum
792 762 842 814 est.

79 835 247 902 quapropter
264 833 391 901 quoniam
408 835 446 889 nil
463 838 558 890 nostro
575 835 604 888 in
622 850 735 904 corpore
751 851 835 903 gazao

78 908 224 976 proliciunt
241 925 330 978 neque
348 911 476 965 nobilitas
493 928 544 966 nec
560 910 647 980 gloria
664 909 750 978 regni,

79 983 153 1052 quod
171 988 301 1053 superest,
319 986 408 1040 animo
426 1003 535 1056 quoque
552 987 591 1040 nil
609 985 740 1055 prodesse
757 986 926 1054 putandum

79 1060 102 1111 si
119 1075 173 1112 non
189 1060 261 1114 forte
278 1063 340 1115 tuas
357 1062 479 1130 legiones
495 1079 546 1131 per
562 1062 622 1116 loca
639 1061 728 1130 campi
907 1076 932 1114 so

77 1133 184 1188 fervere
202 1151 263 1188 cum
280 1137 374 1191 adeas
391 1137 457 1192 belli
475 1138 618 1191 simulacra
635 1136 740 1205 cientis,

78 1209 207 1263 subsidiis
223 1211 330 1276 magnis
347 1215 378 1266 et
394 1229 473 1266 ecum
490 1213 517 1267 vi
535 1211 727 1278 constabilitas,

78 1289 240 1352 ornatasque
258 1286 341 1339 armis
359 1289 464 1341 statuas
481 1288 640 1356 pariterque
657 1287 799 1355 animatos,

79 1359 122 1413 his
140 1359 192 1414 tibi
209 1363 269 1414 tum
288 1360 371 1414 rebus
389 1362 546 1416 timefactae
564 1361 706 1429 religiones

79 1436 212 1504 effugiunt
229 1436 319 1490 animo
337 1437 452 1506 pavida
470 1438 621 1506 mortisque
638 1436 750 1490 timores
908 1452 932 1492 4⁵

78 1513 138 1564 tum
156 1528 269 1566 vacuum
287 1516 383 1581 pectus
400 1513 506 1567 lincunt
522 1529 643 1582 curaque
661 1511 788 1581 solutum,

77 1586 184 1640 fervere
201 1604 262 1641 cum
280 1587 374 1642 rideas
391 1589 505 1644 classem
523 1589 633 1657 lateque
650 1588 750 1656 vagari.

22 1726 25 1734 Δ
79 1663 153 1731 quod
170 1663 193 1716 si
210 1662 323 1717 ridicula
341 1664 409 1718 haec
426 1665 600 1734 ludibriaque
619 1681 679 1719 csse
695 1663 828 1733 videmus,

78 1755 109 1792 re
126 1755 245 1807 veraque
262 1744 352 1795 motus
370 1740 508 1794 hominum
527 1756 663 1808 curaeque
680 1755 810 1808 sequaces

78 1830 128 1868 nec
144 1818 271 1869 metuunt
288 1816 393 1870 sonitus
410 1833 546 1871 armorum
564 1833 614 1870 nec
631 1816 690 1869 iera
707 1815 763 1869 tela

78 1889 263 1959 audacterque
280 1891 353 1946 inter'
370 1909 450 1960 roges
467 1908 615 1960 rerumque
632 1891 752 1960 potantis
906 1907 931 1947 so

78 1963 221 2021 vorsantur
238 1983 328 2035 neque
344 1967 478 2034 fulgorem
496 1969 656 2021 reverentur
673 1965 708 2020 ob
725 1982 792 2020 auro

78 2057 129 2094 noc
146 2042 248 2095 clarum
265 2042 350 2096 restis
369 2043 541 2111 splendorem
560 2041 715 2111 purpureai‚

78 2117 146 2185 quid
163 2117 274 2171 dubitas
292 2117 358 2185 quin
376 2117 455 2172 omni’
475 2117 511 2172 sit
528 2117 596 2171 haec
614 2117 719 2171 rationi'
737 2120 878 2185 potestasi

78 2192 165 2246 omnis
183 2209 244 2245 cum
262 2192 291 2245 in
308 2193 431 2246 tenebris
447 2192 609 2261 praesertim
626 2192 684 2245 vita
700 2191 813 2248 laboret.

76 2284 140 2321 nam
157 2267 243 2321 veluti
260 2267 338 2336 pueri
356 2267 497 2336 trepidant
514 2270 596 2336 atque
613 2267 703 2320 omnia
720 2267 805 2322 caecis
907 2284 931 2323 55

76 2342 106 2395 in
124 2342 246 2396 tenebris
263 2346 396 2409 metuunt
415 2344 453 2398 sic
470 2360 519 2398 nos
536 2342 565 2396 in
582 2343 642 2396 luce
660 2343 789 2403 timemus

76 2418 222 2485 interdum,
240 2418 296 2472 nilo
314 2435 385 2488 quae
402 2423 465 2474 sunt
482 2419 630 2474 metuenda
646 2419 734 2487 magis
752 2435 834 2487 quam

78 2509 149 2563 quae
165 2493 244 2561 pueri
261 2494 289 2548 in
306 2495 430 2550 tenebris
447 2495 572 2560 cautant
590 2494 751 2565 linguntque
768 2495 868 2551 futura.

77 2568 148 2622 hunc
165 2569 249 2637 igitur
266 2573 400 2637 terrorem
420 2571 502 2626 animi
519 2569 701 2640 tenebrasque
718 2576 858 2627 necessest

77 2660 132 2697 non
148 2645 219 2697 radii
237 2644 301 2698 solis
319 2662 410 2714 neque
427 2647 517 2700 lucido
534 2645 591 2700 tela
609 2646 664 2700 diei
905 2665 930 2702 co

78 2719 234 2787 discutiant,
254 2719 304 2774 sed
321 2728 436 2778 naturae
454 2720 558 2789 species
577 2720 711 2790 ratioque.

112 2795 138 2847 N
139 2812 191 2850 unc
209 2812 268 2863 age,
286 2799 435 2863 quo-motu
451 2795 582 2863 genitalia
598 2797 724 2851 materiai

78 2887 197 2938 corpora
207 2887 254 2924 ros
271 2872 361 2925 varias
377 2872 489 2939 gignant
507 2872 669 2938 genitasque
687 2870 825 2925 resolvant

77 2949 107 3000 et
125 2963 179 3014 qua
196 2947 222 3000 vi
240 2946 331 3000 facere
348 2948 379 3002 id
396 2949 529 3015 cogantur
546 2963 677 3017 quaeque
694 2946 736 2998 sit
751 2945 821 2995 ollis

74 3021 185 3076 reddita
201 3022 343 3079 mobilitas
361 3042 498 3097 magnum
512 3041 568 3096 per
584 3024 674 3079 inane
689 3015 829 3079 mesmffixs

65 3096 228 3163 expediam:
246 3102 278 3157 tu
297 3104 330 3158 te
348 3103 438 3163 dictis
456 3103 608 3178 praebere
624 3095 799 3155 memento·

53 3184 118 3222 naar
138 3177 220 3232 corte
238 3194 298 3236 non
317 3180 403 3243 inter
422 3202 456 3244 aa
478 3183 598 3257 stipata
616 3171 771 3235 cobaeret

950 3015 983 3048 tii)
