<?xml version="1.0" encoding="UTF-8"?>
<!DOCTYPE html PUBLIC "-//W3C//DTD XHTML 1.0 Transitional//EN"
    "http://www.w3.org/TR/xhtml1/DTD/xhtml1-transitional.dtd">
<html xmlns="http://www.w3.org/1999/xhtml" xml:lang="en" lang="en">
 <head>
  <title>
</title>
<meta http-equiv="Content-Type" content="text/html;charset=utf-8" />
  <meta name='ocr-system' content='tesseract 3.04.00' />
  <meta name='ocr-capabilities' content='ocr_page ocr_carea ocr_par ocr_line ocrx_word'/>
</head>
<body>
  <div class='ocr_page' id='page_1' title='image "./dererumnaturali08carugoog/dererumnaturali08carugoog_0205.png"; bbox 0 0 2040 3426; ppageno 0'>
   <div class='ocr_carea' id='block_1_1' title="bbox 354 393 684 452">
    <p class='ocr_par' dir='ltr' id='par_1_1' title="bbox 354 393 684 452">
     <span class='ocr_line' id='line_1_1' title="bbox 354 393 684 452; baseline -0.006 -2"><span class='ocrx_word' id='word_1_1' title='bbox 354 393 385 452; x_wconf 73' lang='lat' dir='ltr'>u.</span> <span class='ocrx_word' id='word_1_2' title='bbox 402 393 569 450; x_wconf 73' lang='lat' dir='ltr'>avenam</span> <span class='ocrx_word' id='word_1_3' title='bbox 589 393 684 450; x_wconf 75' lang='lat' dir='ltr'>CARI</span> 
     </span>
    </p>
   </div>
   <div class='ocr_carea' id='block_1_2' title="bbox 194 543 843 802">
    <p class='ocr_par' dir='ltr' id='par_1_2' title="bbox 194 543 843 802">
     <span class='ocr_line' id='line_1_2' title="bbox 194 543 843 639; baseline 0 -1"><span class='ocrx_word' id='word_1_4' title='bbox 194 562 276 639; x_wconf 81' lang='lat' dir='ltr'>nu</span> <span class='ocrx_word' id='word_1_5' title='bbox 315 564 535 639; x_wconf 76' lang='lat' dir='ltr'>annum</span> <span class='ocrx_word' id='word_1_6' title='bbox 575 543 843 638; x_wconf 73' lang='lat' dir='ltr'>maruan</span> 
     </span>
     <span class='ocr_line' id='line_1_3' title="bbox 358 751 677 802; baseline 0 0"><span class='ocrx_word' id='word_1_7' title='bbox 358 753 486 802; x_wconf 77' lang='lat' dir='ltr'>LIBER</span> <span class='ocrx_word' id='word_1_8' title='bbox 508 751 677 802; x_wconf 83' lang='lat' dir='ltr'><strong>SEXTUS.</strong></span> 
     </span>
    </p>
   </div>
   <div class='ocr_carea' id='block_1_3' title="bbox 455 930 557 963">
    <p class='ocr_par' dir='ltr' id='par_1_3' title="bbox 455 930 557 963">
     <span class='ocr_line' id='line_1_4' title="bbox 455 930 557 963; baseline 0 -12"><span class='ocrx_word' id='word_1_9' title='bbox 455 930 557 963; x_wconf 72' lang='lat'>...4-</span> 
     </span>
    </p>
   </div>
   <div class='ocr_carea' id='block_1_4' title="bbox 92 1075 840 1224">
    <p class='ocr_par' dir='ltr' id='par_1_4' title="bbox 92 1075 840 1224">
     <span class='ocr_line' id='line_1_5' title="bbox 92 1075 747 1148; baseline 0.008 -19"><span class='ocrx_word' id='word_1_10' title='bbox 92 1075 201 1132; x_wconf 90' lang='lat' dir='ltr'>Primac</span> <span class='ocrx_word' id='word_1_11' title='bbox 216 1076 370 1147; x_wconf 83' lang='lat' dir='ltr'><strong>frugiparos</strong></span> <span class='ocrx_word' id='word_1_12' title='bbox 387 1077 461 1133; x_wconf 86' lang='lat' dir='ltr'>fetus</span> <span class='ocrx_word' id='word_1_13' title='bbox 478 1079 640 1134; x_wconf 81' lang='lat' dir='ltr'>mortalibus</span> <span class='ocrx_word' id='word_1_14' title='bbox 657 1078 747 1148; x_wconf 80' lang='lat' dir='ltr'>aegris</span> 
     </span>
     <span class='ocr_line' id='line_1_6' title="bbox 92 1152 840 1224; baseline 0.004 -19"><span class='ocrx_word' id='word_1_15' title='bbox 92 1152 253 1207; x_wconf 79' lang='lat' dir='ltr'><strong>dididerunt</strong></span> <span class='ocrx_word' id='word_1_16' title='bbox 269 1154 406 1223; x_wconf 88' lang='lat' dir='ltr'>quondam</span> <span class='ocrx_word' id='word_1_17' title='bbox 425 1155 565 1224; x_wconf 88' lang='lat' dir='ltr'>praeclaro</span> <span class='ocrx_word' id='word_1_18' title='bbox 583 1155 692 1209; x_wconf 85' lang='lat' dir='ltr'>nominc</span> <span class='ocrx_word' id='word_1_19' title='bbox 711 1153 840 1210; x_wconf 75' lang='lat' dir='ltr'><strong>Athenae</strong></span> 
     </span>
    </p>
   </div>
   <div class='ocr_carea' id='block_1_5' title="bbox 91 1230 943 1452">
    <p class='ocr_par' dir='ltr' id='par_1_5' title="bbox 91 1230 943 1452">
     <span class='ocr_line' id='line_1_7' title="bbox 91 1230 737 1300; baseline 0.003 -18"><span class='ocrx_word' id='word_1_20' title='bbox 91 1232 121 1282; x_wconf 92' lang='lat' dir='ltr'>ct</span> <span class='ocrx_word' id='word_1_21' title='bbox 138 1233 331 1284; x_wconf 78' lang='lat' dir='ltr'>recreaverunt</span> <span class='ocrx_word' id='word_1_22' title='bbox 348 1230 432 1284; x_wconf 84' lang='lat' dir='ltr'>vitam</span> <span class='ocrx_word' id='word_1_23' title='bbox 451 1230 580 1300; x_wconf 77' lang='lat' dir='ltr'>legesque</span> <span class='ocrx_word' id='word_1_24' title='bbox 594 1234 737 1299; x_wconf 75' lang='lat' dir='ltr'>rogarunt,</span> 
     </span>
     <span class='ocr_line' id='line_1_8' title="bbox 91 1305 808 1380; baseline 0.003 -22"><span class='ocrx_word' id='word_1_25' title='bbox 91 1308 121 1358; x_wconf 92' lang='lat' dir='ltr'>ct</span> <span class='ocrx_word' id='word_1_26' title='bbox 138 1305 242 1375; x_wconf 85' lang='lat' dir='ltr'>primae</span> <span class='ocrx_word' id='word_1_27' title='bbox 260 1305 397 1360; x_wconf 88' lang='lat' dir='ltr'>dedorunt</span> <span class='ocrx_word' id='word_1_28' title='bbox 414 1305 512 1361; x_wconf 88' lang='lat' dir='ltr'>solacia</span> <span class='ocrx_word' id='word_1_29' title='bbox 529 1305 620 1373; x_wconf 80' lang='lat' dir='ltr'>dulcia</span> <span class='ocrx_word' id='word_1_30' title='bbox 636 1307 719 1374; x_wconf 80' lang='lat' dir='ltr'>vitae,</span> <span class='ocrx_word' id='word_1_31' title='bbox 805 1375 808 1380; x_wconf 91' lang='lat'><em>.</em></span> 
     </span>
     <span class='ocr_line' id='line_1_9' title="bbox 91 1381 943 1452; baseline -0.002 -18"><span class='ocrx_word' id='word_1_32' title='bbox 91 1397 153 1434; x_wconf 83' lang='lat' dir='ltr'>cunr</span> <span class='ocrx_word' id='word_1_33' title='bbox 170 1382 393 1449; x_wconf 68' lang='lat' dir='ltr'>genuerevirum</span> <span class='ocrx_word' id='word_1_34' title='bbox 411 1382 461 1436; x_wconf 86' lang='lat' dir='ltr'>tali</span> <span class='ocrx_word' id='word_1_35' title='bbox 477 1381 640 1451; x_wconf 51' lang='lat' dir='ltr'>cum;cordo</span> <span class='ocrx_word' id='word_1_36' title='bbox 658 1383 808 1452; x_wconf 84' lang='lat' dir='ltr'>repertum,</span> <span class='ocrx_word' id='word_1_37' title='bbox 930 1393 943 1432; x_wconf 82' lang='lat' dir='ltr'>e</span> 
     </span>
    </p>
   </div>
   <div class='ocr_carea' id='block_1_6' title="bbox 42 1457 964 3126">
    <p class='ocr_par' dir='ltr' id='par_1_6' title="bbox 90 1457 808 1528">
     <span class='ocr_line' id='line_1_10' title="bbox 90 1457 808 1528; baseline 0 -18"><span class='ocrx_word' id='word_1_38' title='bbox 90 1457 180 1511; x_wconf 89' lang='lat' dir='ltr'>omnia</span> <span class='ocrx_word' id='word_1_39' title='bbox 197 1457 314 1512; x_wconf 84' lang='lat' dir='ltr'>veridico</span> <span class='ocrx_word' id='word_1_40' title='bbox 332 1458 379 1526; x_wconf 93' lang='lat' dir='ltr'>qui</span> <span class='ocrx_word' id='word_1_41' title='bbox 397 1458 587 1528; x_wconf 36' lang='lat' dir='ltr'>quondam-ex</span> <span class='ocrx_word' id='word_1_42' title='bbox 605 1475 653 1512; x_wconf 89' lang='lat' dir='ltr'>ore</span> <span class='ocrx_word' id='word_1_43' title='bbox 670 1457 808 1526; x_wconf 83' lang='lat' dir='ltr'>proludit3</span> 
     </span>
    </p>

    <p class='ocr_par' dir='ltr' id='par_1_7' title="bbox 90 1533 716 1606">
     <span class='ocr_line' id='line_1_11' title="bbox 90 1533 716 1606; baseline 0.005 -20"><span class='ocrx_word' id='word_1_44' title='bbox 90 1533 166 1586; x_wconf 87' lang='lat' dir='ltr'>cuius</span> <span class='ocrx_word' id='word_1_45' title='bbox 184 1536 213 1586; x_wconf 86' lang='lat' dir='ltr'>et</span> <span class='ocrx_word' id='word_1_46' title='bbox 230 1533 345 1587; x_wconf 81' lang='lat' dir='ltr'>extincti</span> <span class='ocrx_word' id='word_1_47' title='bbox 362 1538 477 1602; x_wconf 88' lang='lat' dir='ltr'>proptor</span> <span class='ocrx_word' id='word_1_48' title='bbox 495 1534 587 1603; x_wconf 71' lang='lat' dir='ltr'>divina</span> <span class='ocrx_word' id='word_1_49' title='bbox 604 1537 716 1606; x_wconf 88' lang='lat' dir='ltr'>reperta</span> 
     </span>
    </p>

    <p class='ocr_par' dir='ltr' id='par_1_8' title="bbox 91 1607 790 1679">
     <span class='ocr_line' id='line_1_12' title="bbox 91 1607 790 1679; baseline 0.003 -19"><span class='ocrx_word' id='word_1_50' title='bbox 91 1607 229 1675; x_wconf 84' lang='lat' dir='ltr'>divolgata</span> <span class='ocrx_word' id='word_1_51' title='bbox 246 1611 326 1662; x_wconf 84' lang='lat' dir='ltr'>vetus</span> <span class='ocrx_word' id='word_1_52' title='bbox 343 1609 397 1661; x_wconf 90' lang='lat' dir='ltr'>iam</span> <span class='ocrx_word' id='word_1_53' title='bbox 415 1610 451 1662; x_wconf 90' lang='lat' dir='ltr'>ad</span> <span class='ocrx_word' id='word_1_54' title='bbox 468 1609 573 1665; x_wconf 90' lang='lat' dir='ltr'>caelum</span> <span class='ocrx_word' id='word_1_55' title='bbox 590 1610 677 1679; x_wconf 86' lang='lat' dir='ltr'>gloria</span> <span class='ocrx_word' id='word_1_56' title='bbox 694 1610 790 1664; x_wconf 83' lang='lat' dir='ltr'>fertur.</span> 
     </span>
    </p>

    <p class='ocr_par' dir='ltr' id='par_1_9' title="bbox 89 1683 853 1755">
     <span class='ocr_line' id='line_1_13' title="bbox 89 1683 853 1755; baseline 0.001 -19"><span class='ocrx_word' id='word_1_57' title='bbox 89 1699 154 1737; x_wconf 90' lang='lat' dir='ltr'>nam</span> <span class='ocrx_word' id='word_1_58' title='bbox 171 1700 233 1736; x_wconf 91' lang='lat' dir='ltr'>cum</span> <span class='ocrx_word' id='word_1_59' title='bbox 250 1683 321 1737; x_wconf 86' lang='lat' dir='ltr'>vidit</span> <span class='ocrx_word' id='word_1_60' title='bbox 338 1684 382 1739; x_wconf 92' lang='lat' dir='ltr'>bic</span> <span class='ocrx_word' id='word_1_61' title='bbox 400 1684 436 1738; x_wconf 88' lang='lat' dir='ltr'>ad</span> <span class='ocrx_word' id='word_1_62' title='bbox 453 1685 555 1739; x_wconf 89' lang='lat' dir='ltr'>victum</span> <span class='ocrx_word' id='word_1_63' title='bbox 573 1702 644 1755; x_wconf 80' lang='lat' dir='ltr'>quae</span> <span class='ocrx_word' id='word_1_64' title='bbox 661 1686 769 1754; x_wconf 83' lang='lat' dir='ltr'>flagitat</span> <span class='ocrx_word' id='word_1_65' title='bbox 786 1700 853 1738; x_wconf 88' lang='lat' dir='ltr'>usus</span> 
     </span>
    </p>

    <p class='ocr_par' dir='ltr' id='par_1_10' title="bbox 90 1759 942 1830">
     <span class='ocr_line' id='line_1_14' title="bbox 90 1759 942 1830; baseline -0.001 -18"><span class='ocrx_word' id='word_1_66' title='bbox 90 1759 181 1813; x_wconf 87' lang='lat' dir='ltr'>onmia</span> <span class='ocrx_word' id='word_1_67' title='bbox 197 1759 251 1813; x_wconf 91' lang='lat' dir='ltr'>iam</span> <span class='ocrx_word' id='word_1_68' title='bbox 268 1760 355 1814; x_wconf 86' lang='lat' dir='ltr'>fermo</span> <span class='ocrx_word' id='word_1_69' title='bbox 372 1760 532 1814; x_wconf 79' lang='lat' dir='ltr'>mortalibus</span> <span class='ocrx_word' id='word_1_70' title='bbox 550 1777 610 1815; x_wconf 88' lang='lat' dir='ltr'>csso</span> <span class='ocrx_word' id='word_1_71' title='bbox 627 1767 724 1830; x_wconf 87' lang='lat' dir='ltr'>parata</span> <span class='ocrx_word' id='word_1_72' title='bbox 918 1769 942 1812; x_wconf 83' lang='grc' dir='ltr'>ιο</span> 
     </span>
    </p>

    <p class='ocr_par' dir='ltr' id='par_1_11' title="bbox 91 1837 779 1906">
     <span class='ocr_line' id='line_1_15' title="bbox 91 1837 779 1906; baseline 0.003 -17"><span class='ocrx_word' id='word_1_73' title='bbox 91 1839 127 1899; x_wconf 77' lang='lat' dir='ltr'>ct</span> <span class='ocrx_word' id='word_1_74' title='bbox 145 1853 277 1905; x_wconf 81' lang='lat' dir='ltr'>proquam</span> <span class='ocrx_word' id='word_1_75' title='bbox 294 1846 395 1906; x_wconf 84' lang='lat' dir='ltr'>posset,</span> <span class='ocrx_word' id='word_1_76' title='bbox 413 1837 498 1890; x_wconf 84' lang='lat' dir='ltr'>vitam</span> <span class='ocrx_word' id='word_1_77' title='bbox 515 1837 665 1892; x_wconf 84' lang='lat' dir='ltr'>consistere</span> <span class='ocrx_word' id='word_1_78' title='bbox 682 1840 779 1903; x_wconf 84' lang='lat' dir='ltr'>tutam,</span> 
     </span>
    </p>

    <p class='ocr_par' dir='ltr' id='par_1_12' title="bbox 90 1911 782 1984">
     <span class='ocr_line' id='line_1_16' title="bbox 90 1911 782 1984; baseline 0.003 -20"><span class='ocrx_word' id='word_1_79' title='bbox 90 1911 191 1966; x_wconf 89' lang='lat' dir='ltr'>divitiis</span> <span class='ocrx_word' id='word_1_80' title='bbox 208 1912 331 1966; x_wconf 90' lang='lat' dir='ltr'>homines</span> <span class='ocrx_word' id='word_1_81' title='bbox 349 1917 378 1967; x_wconf 89' lang='lat' dir='ltr'>et</span> <span class='ocrx_word' id='word_1_82' title='bbox 395 1912 497 1966; x_wconf 87' lang='lat' dir='ltr'>honore</span> <span class='ocrx_word' id='word_1_83' title='bbox 515 1916 544 1967; x_wconf 92' lang='lat' dir='ltr'>ct</span> <span class='ocrx_word' id='word_1_84' title='bbox 561 1913 643 1968; x_wconf 87' lang='lat' dir='ltr'>laude</span> <span class='ocrx_word' id='word_1_85' title='bbox 660 1913 782 1984; x_wconf 88' lang='lat' dir='ltr'>potentis</span> 
     </span>
    </p>

    <p class='ocr_par' dir='ltr' id='par_1_13' title="bbox 90 1988 801 2059">
     <span class='ocr_line' id='line_1_17' title="bbox 90 1988 801 2059; baseline 0.001 -18"><span class='ocrx_word' id='word_1_86' title='bbox 90 1988 200 2043; x_wconf 84' lang='lat' dir='ltr'>affluere</span> <span class='ocrx_word' id='word_1_87' title='bbox 217 1992 301 2059; x_wconf 90' lang='lat' dir='ltr'>atque</span> <span class='ocrx_word' id='word_1_88' title='bbox 318 1989 391 2048; x_wconf 89' lang='lat' dir='ltr'>bona</span> <span class='ocrx_word' id='word_1_89' title='bbox 408 1991 553 2056; x_wconf 85' lang='lat' dir='ltr'>gnatorum</span> <span class='ocrx_word' id='word_1_90' title='bbox 570 1989 705 2044; x_wconf 86' lang='lat' dir='ltr'>excellere</span> <span class='ocrx_word' id='word_1_91' title='bbox 722 1991 801 2056; x_wconf 86' lang='lat' dir='ltr'>fama,</span> 
     </span>
    </p>

    <p class='ocr_par' dir='ltr' id='par_1_14' title="bbox 42 2062 947 2218">
     <span class='ocr_line' id='line_1_18' title="bbox 89 2062 947 2141; baseline 0.002 -25"><span class='ocrx_word' id='word_1_92' title='bbox 89 2081 139 2118; x_wconf 87' lang='lat' dir='ltr'>uec</span> <span class='ocrx_word' id='word_1_93' title='bbox 156 2065 246 2123; x_wconf 90' lang='lat' dir='ltr'>minus</span> <span class='ocrx_word' id='word_1_94' title='bbox 264 2083 323 2120; x_wconf 86' lang='lat' dir='ltr'>esse</span> <span class='ocrx_word' id='word_1_95' title='bbox 341 2064 415 2119; x_wconf 89' lang='lat' dir='ltr'>domi</span> <span class='ocrx_word' id='word_1_96' title='bbox 433 2065 560 2134; x_wconf 89' lang='lat' dir='ltr'>cuiquam</span> <span class='ocrx_word' id='word_1_97' title='bbox 579 2068 672 2118; x_wconf 87' lang='lat' dir='ltr'>tamen</span> <span class='ocrx_word' id='word_1_98' title='bbox 689 2064 770 2118; x_wconf 83' lang='lat' dir='ltr'>anxia</span> <span class='ocrx_word' id='word_1_99' title='bbox 786 2062 881 2132; x_wconf 82' lang='lat' dir='ltr'>corda,</span> <span class='ocrx_word' id='word_1_100' title='bbox 943 2135 947 2141; x_wconf 81' lang='lat'>.</span> 
     </span>
     <span class='ocr_line' id='line_1_19' title="bbox 42 2141 947 2218; baseline 0.001 -25"><span class='ocrx_word' id='word_1_101' title='bbox 42 2170 47 2177; x_wconf 75' lang='lat'><strong>·</strong></span> <span class='ocrx_word' id='word_1_102' title='bbox 89 2145 173 2208; x_wconf 87' lang='lat' dir='ltr'>atquo</span> <span class='ocrx_word' id='word_1_103' title='bbox 190 2141 272 2201; x_wconf 87' lang='lat' dir='ltr'>animi</span> <span class='ocrx_word' id='word_1_104' title='bbox 289 2141 505 2208; x_wconf 83' lang='lat' dir='ltr'>ingratisvitam</span> <span class='ocrx_word' id='word_1_105' title='bbox 523 2157 623 2207; x_wconf 76' lang='lat' dir='ltr'>rexere</span> <span class='ocrx_word' id='word_1_106' title='bbox 639 2141 701 2210; x_wconf 73' lang='lat' dir='ltr'>stac</span> <span class='ocrx_word' id='word_1_107' title='bbox 719 2141 778 2209; x_wconf 74' lang='lat' dir='ltr'>ulla</span> <span class='ocrx_word' id='word_1_108' title='bbox 808 2188 812 2215; x_wconf 87' lang='lat'>:</span> <span class='ocrx_word' id='word_1_109' title='bbox 918 2154 947 2218; x_wconf 54' lang='grc' dir='ltr'>ις</span> 
     </span>
    </p>

    <p class='ocr_par' dir='ltr' id='par_1_15' title="bbox 89 2212 964 2286">
     <span class='ocr_line' id='line_1_20' title="bbox 89 2212 964 2286; baseline 0.002 -18"><span class='ocrx_word' id='word_1_110' title='bbox 89 2233 174 2284; x_wconf 88' lang='lat' dir='ltr'>pansa</span> <span class='ocrx_word' id='word_1_111' title='bbox 192 2219 276 2285; x_wconf 88' lang='lat' dir='ltr'>atquc</span> <span class='ocrx_word' id='word_1_112' title='bbox 293 2217 399 2271; x_wconf 82' lang='lat' dir='ltr'>infestis</span> <span class='ocrx_word' id='word_1_113' title='bbox 417 2217 494 2284; x_wconf 82' lang='lat' dir='ltr'>cogei</span> <span class='ocrx_word' id='word_1_114' title='bbox 512 2216 615 2271; x_wconf 88' lang='lat' dir='ltr'>saevire</span> <span class='ocrx_word' id='word_1_115' title='bbox 634 2216 772 2286; x_wconf 86' lang='lat' dir='ltr'>querellis,</span> <span class='ocrx_word' id='word_1_116' title='bbox 834 2222 838 2230; x_wconf 86' lang='grc'><em>“</em></span> <span class='ocrx_word' id='word_1_117' title='bbox 925 2212 937 2219; x_wconf 77' lang='grc'><strong><em>”</em></strong></span> <span class='ocrx_word' id='word_1_118' title='bbox 961 2218 964 2223; x_wconf 78' lang='grc'><em>’</em></span> 
     </span>
    </p>

    <p class='ocr_par' dir='ltr' id='par_1_16' title="bbox 89 2291 691 2362">
     <span class='ocr_line' id='line_1_21' title="bbox 89 2291 691 2362; baseline 0.007 -20"><span class='ocrx_word' id='word_1_119' title='bbox 89 2292 224 2359; x_wconf 84' lang='lat' dir='ltr'>intellegit</span> <span class='ocrx_word' id='word_1_120' title='bbox 241 2291 279 2344; x_wconf 92' lang='lat' dir='ltr'>ibi</span> <span class='ocrx_word' id='word_1_121' title='bbox 296 2293 394 2346; x_wconf 85' lang='lat' dir='ltr'>vitium</span> <span class='ocrx_word' id='word_1_122' title='bbox 411 2309 459 2346; x_wconf 87' lang='lat' dir='ltr'>vas</span> <span class='ocrx_word' id='word_1_123' title='bbox 477 2292 584 2347; x_wconf 87' lang='lat' dir='ltr'>efficere</span> <span class='ocrx_word' id='word_1_124' title='bbox 602 2293 691 2362; x_wconf 88' lang='lat' dir='ltr'>ipsum</span> 
     </span>
    </p>

    <p class='ocr_par' dir='ltr' id='par_1_17' title="bbox 88 2362 686 2437">
     <span class='ocr_line' id='line_1_22' title="bbox 88 2362 686 2437; baseline 0.005 -18"><span class='ocrx_word' id='word_1_125' title='bbox 88 2362 233 2434; x_wconf 75' lang='lat' dir='ltr'>omniaque</span> <span class='ocrx_word' id='word_1_126' title='bbox 250 2366 322 2420; x_wconf 89' lang='lat' dir='ltr'>illius</span> <span class='ocrx_word' id='word_1_127' title='bbox 340 2367 407 2420; x_wconf 90' lang='lat' dir='ltr'>vitio</span> <span class='ocrx_word' id='word_1_128' title='bbox 425 2369 595 2437; x_wconf 87' lang='lat' dir='ltr'>corrumpier</span> <span class='ocrx_word' id='word_1_129' title='bbox 612 2370 686 2423; x_wconf 86' lang='lat' dir='ltr'>intus</span> 
     </span>
    </p>

    <p class='ocr_par' dir='ltr' id='par_1_18' title="bbox 88 2441 867 2513">
     <span class='ocr_line' id='line_1_23' title="bbox 88 2441 867 2513; baseline 0.008 -19"><span class='ocrx_word' id='word_1_130' title='bbox 88 2457 159 2510; x_wconf 82' lang='lat' dir='ltr'>quae</span> <span class='ocrx_word' id='word_1_131' title='bbox 176 2441 284 2495; x_wconf 90' lang='lat' dir='ltr'>conlata</span> <span class='ocrx_word' id='word_1_132' title='bbox 301 2442 368 2496; x_wconf 88' lang='lat' dir='ltr'>foris</span> <span class='ocrx_word' id='word_1_133' title='bbox 386 2447 415 2497; x_wconf 89' lang='lat' dir='ltr'>et</span> <span class='ocrx_word' id='word_1_134' title='bbox 432 2445 575 2497; x_wconf 88' lang='lat' dir='ltr'>commoda</span> <span class='ocrx_word' id='word_1_135' title='bbox 592 2461 708 2513; x_wconf 89' lang='lat' dir='ltr'>cumque</span> <span class='ocrx_word' id='word_1_136' title='bbox 725 2446 867 2513; x_wconf 79' lang='lat' dir='ltr'>venirent3</span> 
     </span>
    </p>

    <p class='ocr_par' dir='ltr' id='par_1_19' title="bbox 88 2517 943 2590">
     <span class='ocr_line' id='line_1_24' title="bbox 88 2517 943 2590; baseline 0.007 -19"><span class='ocrx_word' id='word_1_137' title='bbox 88 2517 188 2588; x_wconf 90' lang='lat' dir='ltr'>partim</span> <span class='ocrx_word' id='word_1_138' title='bbox 207 2517 282 2587; x_wconf 88' lang='lat' dir='ltr'>quod</span> <span class='ocrx_word' id='word_1_139' title='bbox 299 2518 401 2572; x_wconf 79' lang='lat' dir='ltr'>fluxum</span> <span class='ocrx_word' id='word_1_140' title='bbox 419 2525 617 2590; x_wconf 87' lang='lat' dir='ltr'>pertusumque</span> <span class='ocrx_word' id='word_1_141' title='bbox 634 2537 694 2574; x_wconf 89' lang='lat' dir='ltr'>csse</span> <span class='ocrx_word' id='word_1_142' title='bbox 712 2521 832 2590; x_wconf 84' lang='lat' dir='ltr'>videbat,</span> <span class='ocrx_word' id='word_1_143' title='bbox 917 2538 943 2576; x_wconf 79' lang='lat' dir='ltr'>no</span> 
     </span>
    </p>

    <p class='ocr_par' dir='ltr' id='par_1_20' title="bbox 88 2595 761 2666">
     <span class='ocr_line' id='line_1_25' title="bbox 88 2595 761 2666; baseline 0.001 -18"><span class='ocrx_word' id='word_1_144' title='bbox 88 2599 119 2649; x_wconf 89' lang='lat' dir='ltr'>ut</span> <span class='ocrx_word' id='word_1_145' title='bbox 137 2595 211 2649; x_wconf 89' lang='lat' dir='ltr'>nulla</span> <span class='ocrx_word' id='word_1_146' title='bbox 228 2598 321 2664; x_wconf 89' lang='lat' dir='ltr'>posset</span> <span class='ocrx_word' id='word_1_147' title='bbox 339 2595 444 2649; x_wconf 85' lang='lat' dir='ltr'>rationo</span> <span class='ocrx_word' id='word_1_148' title='bbox 463 2595 600 2665; x_wconf 83' lang='lat' dir='ltr'>cxplericr</span> <span class='ocrx_word' id='word_1_149' title='bbox 616 2613 761 2666; x_wconf 84' lang='lat' dir='ltr'>umquam3</span> 
     </span>
    </p>

    <p class='ocr_par' dir='ltr' id='par_1_21' title="bbox 87 2671 796 2745">
     <span class='ocr_line' id='line_1_26' title="bbox 87 2671 796 2745; baseline 0.003 -21"><span class='ocrx_word' id='word_1_150' title='bbox 87 2671 188 2740; x_wconf 86' lang='lat' dir='ltr'>partim</span> <span class='ocrx_word' id='word_1_151' title='bbox 205 2671 279 2741; x_wconf 90' lang='lat' dir='ltr'>quod</span> <span class='ocrx_word' id='word_1_152' title='bbox 297 2675 387 2745; x_wconf 86' lang='lat' dir='ltr'>taetro</span> <span class='ocrx_word' id='word_1_153' title='bbox 405 2673 484 2740; x_wconf 89' lang='lat' dir='ltr'>quasi</span> <span class='ocrx_word' id='word_1_154' title='bbox 501 2688 682 2741; x_wconf 89' lang='lat' dir='ltr'>conspurcare</span> <span class='ocrx_word' id='word_1_155' title='bbox 699 2688 796 2740; x_wconf 88' lang='lat' dir='ltr'>saporo</span> 
     </span>
    </p>

    <p class='ocr_par' dir='ltr' id='par_1_22' title="bbox 87 2747 801 2817">
     <span class='ocr_line' id='line_1_27' title="bbox 87 2747 801 2817; baseline 0.004 -18"><span class='ocrx_word' id='word_1_156' title='bbox 87 2747 178 2801; x_wconf 89' lang='lat' dir='ltr'>omnia</span> <span class='ocrx_word' id='word_1_157' title='bbox 194 2748 332 2816; x_wconf 87' lang='lat' dir='ltr'>cernebat,</span> <span class='ocrx_word' id='word_1_158' title='bbox 351 2765 537 2817; x_wconf 87' lang='lat' dir='ltr'>quaecumque</span> <span class='ocrx_word' id='word_1_159' title='bbox 554 2751 703 2817; x_wconf 87' lang='lat' dir='ltr'>receperat,</span> <span class='ocrx_word' id='word_1_160' title='bbox 720 2749 801 2803; x_wconf 87' lang='lat' dir='ltr'>intus.</span> 
     </span>
    </p>

    <p class='ocr_par' dir='ltr' id='par_1_23' title="bbox 87 2822 691 2896">
     <span class='ocr_line' id='line_1_28' title="bbox 87 2822 691 2896; baseline 0.005 -21"><span class='ocrx_word' id='word_1_161' title='bbox 87 2822 212 2877; x_wconf 88' lang='lat' dir='ltr'>veridicis</span> <span class='ocrx_word' id='word_1_162' title='bbox 230 2824 315 2894; x_wconf 81' lang='lat' dir='ltr'>igitur</span> <span class='ocrx_word' id='word_1_163' title='bbox 332 2825 461 2895; x_wconf 82' lang='lat' dir='ltr'>purgavit</span> <span class='ocrx_word' id='word_1_164' title='bbox 478 2829 591 2896; x_wconf 88' lang='lat' dir='ltr'>pectora</span> <span class='ocrx_word' id='word_1_165' title='bbox 609 2825 691 2879; x_wconf 90' lang='lat' dir='ltr'>dictis</span> 
     </span>
    </p>

    <p class='ocr_par' dir='ltr' id='par_1_24' title="bbox 43 2897 943 3126">
     <span class='ocr_line' id='line_1_29' title="bbox 78 2897 943 2973; baseline 0.012 -24"><span class='ocrx_word' id='word_1_166' title='bbox 78 2902 111 2950; x_wconf 78' lang='lat' dir='ltr'>ct</span> <span class='ocrx_word' id='word_1_167' title='bbox 124 2897 210 2954; x_wconf 73' lang='lat' dir='ltr'>ducar</span> <span class='ocrx_word' id='word_1_168' title='bbox 227 2902 329 2958; x_wconf 86' lang='lat' dir='ltr'>statuit</span> <span class='ocrx_word' id='word_1_169' title='bbox 347 2901 510 2973; x_wconf 89' lang='lat' dir='ltr'>cuppedinis</span> <span class='ocrx_word' id='word_1_170' title='bbox 527 2905 611 2971; x_wconf 85' lang='lat' dir='ltr'>atque</span> <span class='ocrx_word' id='word_1_171' title='bbox 629 2901 736 2955; x_wconf 87' lang='lat' dir='ltr'>timoris</span> <span class='ocrx_word' id='word_1_172' title='bbox 917 2919 943 2959; x_wconf 78' lang='lat' dir='ltr'>aa</span> 
     </span>
     <span class='ocr_line' id='line_1_30' title="bbox 60 2976 887 3049; baseline 0.011 -28"><span class='ocrx_word' id='word_1_173' title='bbox 60 2977 258 3046; x_wconf 65' lang='lat' dir='ltr'>exposuitque</span> <span class='ocrx_word' id='word_1_174' title='bbox 275 2980 384 3035; x_wconf 88' lang='lat' dir='ltr'>bonum</span> <span class='ocrx_word' id='word_1_175' title='bbox 404 2996 547 3036; x_wconf 85' lang='lat' dir='ltr'>summum</span> <span class='ocrx_word' id='word_1_176' title='bbox 565 2995 620 3049; x_wconf 83' lang='lat' dir='ltr'>quo</span> <span class='ocrx_word' id='word_1_177' title='bbox 636 2976 777 3031; x_wconf 82' lang='lat' dir='ltr'>tendimus</span> <span class='ocrx_word' id='word_1_178' title='bbox 792 2992 887 3030; x_wconf 82' lang='lat' dir='ltr'>omnes</span> 
     </span>
     <span class='ocr_line' id='line_1_31' title="bbox 43 3046 888 3126; baseline -0.011 -17"><span class='ocrx_word' id='word_1_179' title='bbox 43 3046 123 3109; x_wconf 63' lang='lat' dir='ltr'>quiq</span> <span class='ocrx_word' id='word_1_180' title='bbox 139 3050 228 3115; x_wconf 72' lang='lat' dir='ltr'>aret,</span> <span class='ocrx_word' id='word_1_181' title='bbox 249 3059 346 3126; x_wconf 87' lang='lat' dir='ltr'>atquo</span> <span class='ocrx_word' id='word_1_182' title='bbox 365 3058 446 3113; x_wconf 83' lang='lat' dir='ltr'>viam</span> <span class='ocrx_word' id='word_1_183' title='bbox 465 3056 653 3122; x_wconf 82' lang='lat' dir='ltr'>monstrarit,</span> <span class='ocrx_word' id='word_1_184' title='bbox 668 3052 787 3106; x_wconf 72' lang='lat' dir='ltr'>tramite</span> <span class='ocrx_word' id='word_1_185' title='bbox 799 3064 888 3118; x_wconf 74' lang='lat' dir='ltr'>paruo</span> 
     </span>
    </p>
   </div>
   <div class='ocr_carea' id='block_1_7' title="bbox 0 0 1024 3426">
    <p class='ocr_par' dir='ltr' id='par_1_25' title="bbox 0 0 1024 3426">
     <span class='ocr_line' id='line_1_32' title="bbox 0 0 1024 3426; baseline 0 2"><span class='ocrx_word' id='word_1_186' title='bbox 0 0 1024 3426; x_wconf 95' lang='lat' dir='ltr'> </span> 
     </span>
    </p>
   </div>
  </div>
 </body>
</html>
