2040 3426
94 244 237 306 praeterea
255 244 442 302 quaecumque
459 243 476 284 c
493 230 569 283 terra
586 245 701 300 corpora
717 238 843 290 crescunt

95 313 120 366 si
138 310 247 366 suntin
264 308 355 375 terris,
373 309 478 361 terram
495 308 620 360 constare
637 314 775 364 necessest

95 404 130 442 ex
148 385 314 454 alienigenis,
333 399 403 452 quae
421 380 503 436 terris
521 382 688 438 exoriuntur.

94 464 213 517 transfer
228 462 306 528 item,
324 458 441 514 totidem
459 456 549 510 verbis
567 460 646 512 utare
663 460 763 515 licebit.
911 479 948 520 cro

94 539 123 595 in
142 539 222 607 lignis
241 538 264 591 si
282 536 391 605 flamma
408 535 477 587 latet
494 532 640 601 fumusque
657 535 786 605 cinisque,
839 590 843 597 ,

94 631 129 668 ex
147 613 306 681 alienigenis
325 610 476 664 consistant
492 609 566 678 ligna
583 613 727 666 necessest.

94 694 238 758 practerea
256 688 338 743 tellus
356 703 427 756 quae
444 701 558 754 corpora
575 702 693 756 cumque
710 687 767 756 alit,
785 693 869 759 auget

516 778 534 813 a

95 857 130 895 cx
147 840 313 908 alienigenis,
332 854 403 907 quae
420 837 501 905 liguis
519 837 564 890 tio
582 837 714 893 oriuntur.

105 971 107 980 ,
130 917 276 985 Linquitur
293 915 337 969 hic
355 913 490 983 quaedam
507 912 635 968 latitandi
653 915 732 985 copia
749 917 845 985 tenvis,
913 932 949 974 sta

94 992 125 1046 id
143 993 218 1061 quod
236 995 416 1059 Anaxagoras
434 989 486 1043 sibi
504 990 596 1059 sumit,
614 993 646 1045 ut
664 992 791 1046 omnibus
808 992 897 1053 omnis

95 1085 140 1122 res
157 1073 238 1137 putet
255 1068 385 1122 inmixtas
402 1065 485 1120 rebus
503 1065 622 1135 latitare,
640 1068 690 1122 sed
707 1068 778 1127 illud

96 1161 229 1213 apparere
246 1161 331 1198 unum
349 1143 426 1197 cuius
445 1143 500 1196 sint
517 1142 635 1210 plurima
651 1144 739 1205 mixta

96 1225 125 1274 et
144 1221 231 1288 magis
248 1220 277 1272 in
294 1220 425 1288 promptu
443 1217 587 1286 primaque
605 1219 634 1272 in
651 1219 743 1276 fronte
760 1221 857 1276 locata.

96 1297 171 1364 quod
187 1298 281 1349 tamen
299 1311 316 1347 a
333 1309 398 1347 vera
415 1291 496 1360 longe
513 1294 619 1351 rationo
636 1297 809 1365 repulsumst.
914 1314 951 1351 aso

96 1371 274 1425 conveniebat
293 1369 366 1423 enim
384 1367 477 1435 fruges
496 1384 605 1444 quoquc
623 1387 712 1440 saepe,
731 1374 829 1427 minaci

96 1447 194 1508 robore
213 1464 275 1502 cum
293 1445 352 1500 saxi
370 1445 541 1513 franguntur,
560 1447 672 1506 mittere
690 1449 796 1517 signum

97 1524 235 1592 sanguinis
252 1526 301 1577 aut
319 1520 433 1591 aliquid,
451 1523 546 1576 nostro
564 1539 636 1591 quae
653 1540 766 1594 corpore
784 1524 909 1591 alunturs

95 1616 157 1654 cum
175 1600 259 1670 lapidi
277 1598 399 1668 lapidem
419 1597 543 1667 terimus,
561 1615 672 1653 manare
690 1617 822 1661 cruorem.

95 1676 227 1731 consimili
245 1675 352 1729 rationo
370 1673 470 1735 herhas
490 1689 600 1743 quoque
618 1690 699 1744 saepe
717 1676 833 1734 decebat
913 1693 951 1734 sss

95 1755 123 1806 et
141 1753 229 1808 laticis
248 1751 335 1806 dulcis
352 1753 447 1820 gutta
468 1749 605 1823 similique
622 1768 719 1823 saporo

94 1829 215 1897 mittere,
232 1828 369 1896 lanigerae
388 1826 463 1903 quali
483 1829 547 1881 sunt
563 1825 753 1897 ubere'lactis,

94 1905 198 1959 scilicet
215 1908 245 1958 ct
262 1903 349 1972 glebis
369 1905 507 1962 terrarum
527 1919 609 1972 saepe
626 1904 714 1959 matis
969 1845 975 1989 l

94 1980 242 2034 herbarum
259 1997 361 2048 genera
381 1981 411 2033 et
429 1978 523 2046 fruges
541 1979 708 2048 frondesque
725 1979 813 2034 videri
970 1992 975 2041 l

94 2055 240 2124 dispertita
257 2056 331 2108 inter
350 2057 454 2109 terram
475 2053 585 2111 latitare
603 2055 716 2124 minuto,
970 2048 974 2070 ¹

93 2134 233 2199 postremo
250 2131 279 2184 in
296 2130 377 2198 lignis
397 2130 518 2183 cinerem
538 2129 698 2198 fumumque
717 2131 813 2200 videri,

94 2223 156 2259 cum
173 2207 328 2274 praefracta
345 2205 443 2272 forent,
466 2204 592 2273 ignisque
610 2204 696 2260 latere
713 2207 840 2262 minutos.

46 2350 48 2354 Α
95 2299 211 2350 quorum
229 2281 268 2334 nil
285 2280 345 2335 fieri
365 2279 494 2350 quoniam
516 2281 661 2337 manifesta
678 2282 760 2338 docet
776 2300 828 2351 res,

94 2358 164 2410 scire
181 2358 245 2411 licet
263 2373 317 2410 non
338 2372 398 2411 esse
415 2355 445 2409 in
465 2355 549 2411 rebus
567 2375 613 2412 res
630 2358 670 2415 ita
687 2359 793 2426 mixtas,
1005 2426 1009 2433 ,

10 2464 16 2475 ·
94 2449 190 2487 verum
208 2433 311 2488 semina
329 2432 500 2488 multimodis
519 2434 636 2490 inmixta
652 2434 739 2489 latere
914 2452 951 2489 sos

95 2509 243 2563 multarum
260 2527 351 2564 rerum
368 2511 398 2564 in
417 2510 501 2565 rebus
521 2511 674 2569 communia
691 2510 801 2566 debent.

129 2586 183 2640 ‘At
200 2602 283 2655 saepe
297 2585 327 2640 in
344 2588 448 2657 magnis
466 2587 499 2642 fit
515 2588 664 2643 montibus’
682 2587 773 2657 inquis
790 2590 836 2644 ‘ut
853 2588 917 2645 altis

94 2660 235 2716 arboribus
252 2662 340 2718 vicina
361 2665 500 2719 cacumina
518 2681 624 2730 summa
641 2666 769 2719 terantur

93 2736 167 2792 inter
184 2754 221 2807 se,
238 2739 336 2794 validis
354 2741 446 2796 facere
466 2741 496 2794 id
515 2740 674 2809 cogentibus
692 2740 801 2808 aristris,

94 2813 182 2868 donec
198 2814 318 2869 flammai
335 2816 473 2872 fulserunt
491 2817 558 2873 flore
574 2817 682 2872 coorto?
916 2831 952 2869 vno

94 2889 198 2945 scilicet
215 2894 245 2945 et
262 2908 315 2945 non
334 2896 377 2947 est
394 2893 476 2962 lignis
496 2898 588 2949 tamen
605 2893 704 2946 insitus
721 2891 801 2960 ignis,

93 2981 189 3020 rorum
209 2967 312 3021 semina
330 2973 394 3024 sunt
413 2969 519 3024 ardoris
536 2969 635 3037 multa,
648 2967 772 3021 terendo

94 3057 163 3108 quac
182 3059 243 3097 cum
262 3043 431 3118 confluxere,
449 3050 551 3104 creant
567 3043 707 3102 incendia
722 3039 816 3093 suris.

84 3119 160 3183 quod
179 3119 205 3174 si
220 3120 298 3178 facta
316 3124 395 3183 foret
415 3127 499 3184 silvis
516 3122 701 3184 abscondita
715 3115 857 3170 namins,

76 3207 131 3245 non
147 3202 273 3264 possent
289 3201 384 3260 ullum
406 3209 534 3280 tempus
554 3202 686 3262 celarier
702 3197 813 3261 agnes,
