2040 3426
17 39 528 63 mff'mr'
556 40 663 49 ““’““’““““““““
699 40 733 57 '⁰
793 52 797 63 ,

93 128 106 186 1
482 124 534 185 vl

88 130 237 285 afflarat
253 229 344 285 mma
360 227 444 284 nima
460 186 666 287 arducium
677 244 819 300 squama

89 305 230 373 multaque
246 321 298 374 per
314 305 408 376 pepuli
425 305 605 375 passiniani
622 309 752 376 prompta
769 308 885 377 viasque

89 376 385 450 languida'semauime
402 397 465 436 eum
482 397 597 452 corpore
614 382 739 438 mambra
755 383 866 438 videres

90 456 203 512 horrida
221 456 340 526 paedore
359 455 390 510 et
406 457 504 526 pannis
521 461 651 527 cooperta
667 459 758 526 perire
960 512 966 522 ,

89 534 212 603 corperis
229 533 337 600 inluvie,
354 531 420 602 pelli
438 548 521 602 super
538 533 645 588 essibus
661 551 723 601 una,
898 549 945 591 127⁰

88 609 227 663 ulceribus
245 607 343 661 taetris
359 623 446 677 prope
464 609 518 663 iam
536 609 664 677 sordique
683 609 798 679 sepulta

90 685 181 738 omnia
198 683 316 751 denique
335 686 429 739 sancta
447 684 529 738 deum
540 684 665 739 ‘delubra
681 686 804 756 replerat

89 758 248 830 cerporibus
265 776 340 814 mors
358 759 489 814 exanimis
507 764 674 830 onerataque
692 762 794 831 passim

90 839 189 891 cuncta
205 835 385 890 cadaveribus
403 836 553 891 caelestum
571 837 675 904 templa
691 837 813 906 tenebat,

90 911 242 981 hospitibus
259 911 318 965 loca
335 928 412 980 quae-
423 912 593 980 complerant
609 912 792 967 aedituentes
898 927 946 968 1275

89 1004 141 1042 nec
157 988 212 1041 iam
229 987 324 1055 religio
342 987 435 1064 diyem
451 1004 502 1042 nee
519 988 630 1042 numina
646 989 738 1056 magui

90 1063 282 1132 pendebantur
299 1062 386 1118 enim:
405 1078 535 1132 praesens
553 1062 632 1117 dolor
649 1063 840 1132 exsuperabat

90 1156 140 1194 nec
158 1157 217 1195 mos
233 1140 279 1193 ille
296 1138 453 1208 sepulturae
470 1137 631 1193 remanebat
648 1138 677 1192 in
693 1138 770 1206 urbe,

91 1232 144 1284 quo
161 1216 221 1284 pius
239 1214 284 1268 hic
300 1214 416 1284 populus
434 1231 542 1284 semper
559 1218 703 1270 consuerat
719 1216 842 1282 huma1i3

90 1291 268 1360 perturbatus
286 1291 359 1344 enim
376 1293 453 1346 totus
471 1291 635 1360 trepidabat,
654 1295 684 1346 et
701 1308 772 1346 unus
800 1292 807 1299 ’
894 1307 944 1347 laea

91 1367 207 1436 quisque
224 1383 302 1420 suum
319 1382 370 1435 pro
387 1383 418 1420 re
431 1367 579 1435 praesenti
596 1369 716 1420 maestus
734 1366 875 1424 humabat

91 1443 234 1512 multaque
250 1459 296 1497 ras
314 1441 408 1500 subita
423 1445 452 1497 et
469 1445 618 1512 paupertas
635 1441 748 1497 horrida
765 1445 859 1498 suasit

91 1534 209 1588 namque
226 1534 289 1572 suos
305 1517 519 1586 consaguineos
535 1518 623 1572 aliena
639 1533 768 1585 rogorum

91 1594 203 1663 insuper
219 1595 347 1648 extructa
362 1592 469 1662 ingenti
485 1592 604 1648 chunone
620 1592 747 1648 locabant

92 1668 299 1736 subdebantque
314 1669 395 1736 faees,
411 1667 499 1723 multo
515 1684 578 1723 cum
595 1658 726 1736 saugdiue
743 1683 825 1738 saepe
893 1683 943 1724 uass

91 1744 213 1802 rixantes
228 1743 321 1816 petius
337 1759 419 1814 quam
436 1759 550 1814 corpora
567 1744 768 1802 desererentur.
806 1793 809 1799 .
