2040 3426
461 107 512 166 vr
859 108 913 186 155

70 228 125 282 que
141 227 281 282 possemus
298 209 335 264 nd
351 209 382 264 id
398 212 475 264 recto
492 209 658 264 contendere
674 226 763 276 cursu,

69 289 171 358 quidve
188 287 251 340 mali
269 287 340 340 foret
356 286 385 339 in
402 286 485 340 rebus
502 286 656 341 mortalibu'
673 287 782 356 passim,

70 363 145 433 quod
161 364 242 417 fieret
258 361 376 416 naturali
393 362 524 431 rmieque
541 361 662 425 volaret*
892 378 917 416 so

69 456 119 494 seu
135 455 199 494 casu
217 455 266 492 seu
282 438 317 506 vi,
334 436 408 507 quod
426 436 464 491 sic
481 442 581 501 nature
598 441 729 506 parasset,

70 519 99 570 et
116 515 215 584 quibus
233 531 249 568 e
266 514 354 583 portis
371 513 478 568 occurri
496 513 594 581 cuique
612 513 730 581 deceret,

69 595 99 644 et
115 607 202 659 genus
219 591 368 644 humanum
384 589 488 663 frustra
504 589 665 658 plerumque
682 588 809 658 probavit

69 667 178 721 volvere
196 682 322 720 curarum
339 665 428 720 tristis
445 666 473 718 in
490 667 601 733 pectore
619 664 685 718 fluct
719 704 740 717 ..

68 759 131 795 nam
149 742 233 797 veluti
250 742 329 813 pueri
345 740 486 809 trepident
502 744 585 810 etque
598 741 689 794 omnia
704 741 790 795 caecis
893 759 917 796 ss

68 819 96 871 in
114 818 236 872 tenebris
253 820 387 883 metuunt,
406 817 445 870 sic
461 833 510 870 nos
527 817 556 870 in
573 817 633 871 luee
650 817 780 872 timemus

69 894 216 961 interdum,
234 893 288 946 nilo
306 909 377 960 qnae
394 895 458 946 sunt
475 892 623 946 metuende
640 894 727 961 magis
745 909 826 961 quam

69 985 140 1038 quae
157 969 238 1038 pueri
255 969 284 1022 in
301 968 422 1022 tenebris
439 968 564 1038 pavitant
581 969 743 1038 finguntque
759 969 859 1024 future.

69 1045 141 1099 hunc
158 1044 244 1112 igitur
260 1048 392 1099 terrorem
411 1045 493 1097 animi
510 1043 693 1114 tenebrasque
710 1049 848 1100 necessest

69 1137 123 1174 non
140 1120 211 1174 redii
228 1120 292 1173 solis
310 1136 359 1173 nec
376 1120 467 1174 lucida
483 1121 540 1175 tela
558 1121 612 1175 diei
894 1135 917 1174 so

70 1196 226 1264 discutiant,
243 1195 293 1250 sed
309 1199 424 1250 naturae
442 1197 545 1264 species
562 1197 695 1265 ratioque.

70 1288 124 1340 quo
142 1271 227 1340 magis
243 1271 382 1340 inceptum
399 1287 511 1340 pergam
528 1275 672 1339 pertexere
691 1272 779 1327 dictis.

105 1347 142 1400 Et
158 1347 287 1415 quoniam
303 1346 384 1400 docui
401 1346 495 1409 mundi
512 1347 638 1400 mortalia
655 1347 757 1416 templo

69 1439 130 1477 csso
147 1429 173 1477 ct
189 1423 281 1476 nativo
298 1422 447 1476 consistere
465 1437 579 1490 corpore
596 1422 706 1487 caelum,

69 1501 99 1552 et
117 1514 304 1567 quaecumque
321 1497 349 1550 in
367 1514 400 1551 eo
417 1498 487 1552 fiunt
504 1497 619 1566 fierique
635 1502 779 1565 necessest,
893 1516 917 1556 45

68 1574 200 1642 pleraque
217 1574 339 1641 ressolui‚
357 1590 429 1643 quae
441 1576 553 1633 ,restant
569 1575 680 1644 percipe
697 1592 786 1645 porro,
860 1620 861 1623 ¹

69 1649 291 1717 quandoquidem
309 1650 394 1704 semel
411 1650 544 1718 insignem
562 1651 743 1706 conscendere
760 1669 870 1707 currum

485 1747 503 1785 s

70 1810 222 1872 ventorum,
240 1823 275 1862 ex
292 1807 334 1862 irn
351 1812 382 1863 ut
399 1808 549 1879 placentur,
566 1817 599 1863 ut
616 1810 706 1864 omina
723 1828 831 1867 rursum

69 1899 141 1951 quae
158 1883 260 1937 fuerint
277 1884 333 1938 sint
348 1884 456 1952 placato
473 1901 602 1939 conversa
618 1885 717 1938 furore.

69 1962 162 2012 cetera
179 1974 249 2024 quoe
266 1958 327 2010 fieri
343 1959 372 2010 in
389 1959 471 2012 terris
488 1959 616 2026 moleque
633 1964 746 2029 tuentur
893 1977 918 2018 55

69 2034 207 2099 mortales,
225 2032 329 2100 pavidis
347 2048 408 2095 cum
425 2033 547 2101 pendent
563 2033 801 2104 mentibu’saepo,

68 2113 99 2164 et
115 2109 219 2163 faciunt
236 2107 340 2163 animos
357 2107 467 2162 humilis
482 2107 628 2162 formidine
644 2108 734 2163 divom

69 2186 269 2254 depressosque
286 2187 414 2252 premunt
431 2184 587 2238 ulterram
604 2188 751 2254 propterea
768 2187 843 2255 quod

64 2260 220 2328 *ignorantia
237 2276 379 2314 causarum
396 2260 519 2315 conferre
537 2259 651 2314 deorum

69 2335 144 2404 cogit
160 2334 197 2389 ed
214 2335 359 2404 imperium
376 2352 422 2390 res
439 2339 468 2390 et
485 2334 637 2390 concedere
654 2351 776 2404 regnum.
894 2355 918 2392 55

70 2437 172 2476 QUORUH
182 2437 280 2469 OPERUM
290 2436 381 2469 CAUEAB
390 2435 473 2469 NULLA
483 2435 587 2469 RATIONE
596 2436 686 2469 wnnnn

70 2504 175 2537 rossum
184 2504 215 2537 Ae
224 2504 292 2537 FIERI
302 2504 388 2537 DIVINO
397 2503 414 2536 N
416 2503 496 2537 umus
507 2503 605 2537 RENTUR

69 2583 133 2620 nem
150 2565 222 2620 bene
239 2566 286 2635 qui
303 2566 424 2621 didicere
442 2566 508 2621 deos
526 2583 651 2620 securum
669 2583 750 2636 egere
767 2584 871 2637 nerem,

69 2642 93 2696 si
111 2645 204 2696 tamen
219 2641 325 2696 interea
341 2643 476 2697 mirantur
493 2658 548 2710 qua
565 2643 670 2696 ratione

70 2734 195 2787 quaeque
211 2716 271 2784 geri
288 2717 402 2786 possint,
419 2717 581 2786 praesertim
598 2718 681 2771 rebus
698 2717 726 2771 in
743 2718 798 2773 illis
895 2736 919 2773 oo

70 2810 142 2863 quae
159 2808 258 2862 supere
275 2795 359 2862 caput
376 2793 504 2848 aetheriis
521 2796 670 2846 cernuntur
686 2793 714 2845 in
732 2795 795 2863 oris,

70 2886 165 2922 rursus
182 2869 210 2922 in
228 2867 355 2937 antiquas
372 2870 529 2923 referuntur
547 2868 684 2936 religionis

70 2948 100 2998 et
118 2944 241 2998 dominos
259 2944 328 2999 acris
345 2944 507 3012 adsciscunt,
525 2944 615 2998 omniu
632 2959 713 3012 posse

71 3036 140 3088 quos
156 3021 247 3075 miseri
265 3020 387 3086 eredunt,
405 3021 494 3089 ignari
512 3019 579 3089 quid
596 3024 680 3089 queat
698 3031 772 3087 esee,

70 3095 138 3166 quid
155 3101 281 3168 nequeat,
300 3097 380 3155 finita
396 3101 526 3171 potestne
543 3096 669 3167 demque
686 3095 796 3159 cunque
825 3109 828 3112 ⁴
930 3101 963 3130 e,

62 3187 179 3239 quanam
197 3173 236 3230 sit
252 3177 358 3234 rationi
378 3181 469 3251 etque
485 3178 548 3236 nite
563 3173 718 3233 terminus
725 3167 888 3219 naerens,
