2040 3426
509 119 559 173 ur
924 93 961 167 'tr

111 224 160 276 bic
180 242 208 277 so
227 225 341 293 quisquo
359 225 440 278 modo
459 224 528 291 sugit
545 225 584 290 (at
602 239 683 292 quem
701 221 811 292 scilieet,
829 229 862 280 ut
879 225 920 292 fit,

111 301 230 367 effugere
248 301 314 354 haut
331 301 403 369 potis
421 304 471 367 ost,
489 299 603 367 ingratis
620 298 724 367 haeret)
742 305 772 355 et
789 301 849 357 odit

111 381 264 445 propteroa,
281 376 369 430 morbi
388 376 453 444 quia
469 391 579 429 oausam
596 390 650 428 uon
668 378 746 431 tenet
763 394 859 446 aegon
879 430 883 436 ,
918 392 966 433 roro

111 470 193 521 quam
211 452 281 506 bene
300 452 323 505 si
342 452 442 516 rideat,
459 453 513 505 iam
532 451 615 506 rebus
633 452 748 521 quisque
765 455 868 509 relictis

112 532 239 581 naturam
257 528 375 596 primunr
394 527 504 581 studeat
521 543 683 595 cognoscere
702 545 800 597 rerum,

111 604 245 671 temporie
265 603 371 656 aeterni
390 603 524 670 quoniam,
542 618 596 656 nou
613 603 695 656 unius
712 603 802 673 horae,

111 679 261 747 ambigitur
280 681 375 746 status,
392 679 420 731 in
439 694 493 747 quo
511 679 547 733 sit
564 678 723 732 mortalibus
741 681 829 734 omnis
855 696 858 701 ·

111 759 196 818 aetas,
209 757 271 822 post
283 757 400 808 mortem
413 770 484 823 quae
496 757 584 808 restat
596 770 713 823 eumque
724 756 867 810 manenda
920 771 967 810 rora

149 831 273 897 Denique
290 832 367 883 tanto
383 845 467 897 opere
484 830 513 883 in
531 829 622 883 dubiis
640 831 780 900 trepidare
797 831 906 901 periclis

111 923 183 975 quae
201 906 272 959 mala
289 921 338 959 nos
356 905 458 973 subigit
470 906 542 960 'vitai
560 909 638 960 tanta
655 907 772 976 eupidoi

110 986 189 1037 certa
205 981 318 1050 quidem
336 981 396 1035 finis
414 982 487 1036 vitae
504 981 665 1036 mortalibus
682 983 775 1038 adstat

112 1075 164 1112 nee
181 1057 297 1111 devitari
314 1058 400 1112 letum
419 1061 484 1126 pote
502 1058 568 1126 quin
586 1058 724 1114 obeamus.

112 1138 257 1204 praeterea
273 1151 413 1188 versamur
430 1133 533 1187 ibidem
551 1137 636 1203 atque
653 1136 776 1191 insumus
792 1152 880 1206 usque
919 1150 967 1188 roeo

113 1227 164 1265 noc
181 1227 250 1263 nova
268 1209 382 1264 vivendo
400 1209 561 1278 procuditur
578 1210 634 1264 ulla
652 1211 784 1280 voluptas.

113 1287 164 1342 sed
182 1287 248 1340 dum
266 1286 344 1340 abest
362 1286 436 1355 quod
454 1302 571 1353 avemus,
590 1286 619 1339 id
637 1304 802 1355 exsuperare
820 1287 929 1342 ridetur

113 1367 221 1428 cetera3
238 1364 302 1431 post
319 1362 395 1428 aliut,
414 1378 474 1415 eum
492 1361 607 1429 contigit
623 1362 699 1429 illud,
716 1379 827 1416 aremus

115 1443 144 1494 ot
162 1438 222 1492 sitis
240 1454 327 1506 aequa
344 1440 422 1491 tenet
440 1437 506 1490 vitai
524 1454 631 1506 sempor
649 1438 756 1510 hiantia.

114 1518 278 1584 postemque
290 1514 318 1566 in
331 1513 443 1568 dubiost
455 1515 592 1568 fortunam
605 1531 686 1582 quam
699 1515 782 1571 vehat
793 1519 878 1585 aetas,
920 1530 968 1570 108⁵

114 1590 216 1660 quidve
232 1590 303 1644 ferat
321 1591 398 1644 nobis
417 1607 494 1644 casus
513 1590 593 1660 quire
613 1591 703 1646 exitus
721 1592 814 1648 instet.

114 1684 165 1721 neo
182 1684 306 1735 prorsum
325 1668 409 1720 vitam
429 1666 553 1720 ducendo
573 1667 706 1722 demimus
723 1667 807 1722 hilum

115 1747 240 1812 tompore
258 1743 293 1795 de
311 1744 406 1798 mortis
424 1759 474 1796 neo
491 1743 614 1798 delibare
632 1743 760 1812 valemua

115 1835 171 1888 quo
189 1818 277 1872 minua
295 1836 355 1873 esse
373 1819 421 1872 diu
437 1821 572 1888 possimus
590 1820 662 1874 forto
679 1821 821 1889 perempti.

115 1893 231 1964 proinde
247 1894 311 1948 licet
329 1899 396 1964 quot
414 1895 454 1949 ris
471 1895 586 1950 virendo
604 1895 721 1950 condere
738 1896 840 1962 saoola;
922 1911 968 1956 roae

116 1987 190 2024 mora
206 1973 320 2024 aeterna
337 1974 428 2024 tamen
446 1971 500 2024 nilo
517 1971 607 2024 miuus
624 1968 671 2023 illa
687 1970 816 2037 manebit,

117 2063 169 2101 nee
186 2046 275 2100 minua
292 2046 338 2099 ille
356 2045 405 2098 diu
421 2045 476 2098 iam
493 2063 547 2098 non
564 2045 625 2112 orit,
642 2061 677 2099 ex
694 2045 826 2099 hodierno

116 2122 220 2188 lumine
238 2121 287 2191 qui
303 2122 384 2175 finem
401 2121 467 2176 vitai
484 2121 557 2188 feeit,
575 2117 674 2186 et'ille,

118 2197 257 2252 mensibus
274 2199 358 2265 atque
375 2196 452 2250 annio
468 2195 516 2266 qui
532 2193 626 2251 multis
642 2192 741 2248 oecidit
758 2196 829 2250 ante.
872 2249 875 2256 ,
