2040 3426
482 118 514 176 V
860 127 931 193 ,ιιι

80 227 111 280 et
128 225 214 294 magis
231 223 281 277 hoc
300 222 405 285 lunam:
423 224 526 289 quanto
544 221 688 276 demissior
705 223 764 277 eius

79 316 175 355 cursus
193 298 272 352 abest
288 297 382 365 prooul
400 312 417 349 a
434 295 509 349 eaelo
526 296 663 364 terrisque
679 299 854 370 propinquat,
896 316 933 356 aa

79 380 158 431 tanto
176 391 255 444 posse
273 373 363 426 minus
380 389 442 427 eum
460 371 545 439 siguis
562 371 677 427 tendere
687 391 810 429 eursum.

79 450 281 506 flaccidioret
252 449 354 503 etenim
373 451 474 516 quanto
492 449 546 501 iam
563 447 674 502 turbine
693 449 781 503 fertur

78 527 193 581 inferior
210 541 292 593 quam
310 524 357 591 sol,
374 526 453 577 tanto
470 524 557 592 magis
574 524 665 578 omnia
682 525 759 593 signa

79 602 148 656 hane
167 601 353 670 adipiscuntur
370 599 472 654 circum
489 603 654 688 praeterque
672 601 803 657 feruutur.

79 680 226 747 propterea
243 677 276 729 fit
293 679 325 730 ut
341 675 409 730 haec
427 675 501 729 ad
480 692 587 743 agnum
605 677 735 765 quodque
752 680 854 734 reverti
896 665 932 734 ιιι

79 752 206 807 mobilius
224 751 358 819 rideatur,
375 751 411 805 ad
428 751 498 806 hane
517 752 580 820 quia
591 753 675 820 signa
692 753 822 809 revisunt.

79 829 112 883 lit
131 844 240 897 quoque
258 831 290 882 ut
307 845 323 881 e
342 827 467 881 mundit
455 828 619 882 transversis
637 833 701 898 part
689 830 761 883 tibus
779 847 827 884 aer

79 904 194 958 alternis
211 907 286 958 certo
305 902 389 958 fluere
407 903 478 957 alter
496 907 620 973 tempore
637 907 730 974 possit,

79 979 127 1048 qui
146 982 229 1047 queat
247 979 355 1034 aestivis
370 980 458 1036 solem
477 980 627 1035 detrudere
645 982 727 1050 siguis

79 1053 209 1109 brumalis
226 1072 312 1124 usquo
330 1056 366 1109 ad
383 1056 470 1110 flexus
487 1057 664 1126 gelidumque
681 1059 807 1127 rigorem,

79 1134 109 1185 et
126 1132 173 1199 qui
191 1131 286 1185 reiciat
303 1132 401 1199 gelidis
418 1132 561 1200 asrigoris
578 1133 681 1188 umbris

79 1206 221 1260 aestiferas
239 1223 326 1275 usque
344 1208 476 1276 inperiis
494 1211 523 1261 et
541 1209 646 1262 fervida
664 1210 747 1277 signa,

79 1285 109 1336 et
128 1282 235 1349 rationo
252 1282 312 1350 pari
329 1283 421 1336 lunam
440 1283 588 1351 stellasque
604 1285 791 1353 putandumst,

78 1375 149 1427 quae
166 1360 279 1413 volvunt
296 1374 409 1424 magnos
427 1359 455 1410 in
473 1359 578 1426 magnis
596 1359 708 1413 orbibus
726 1376 817 1428 annos,

78 1434 188 1490 aeribus
205 1438 343 1504 posset
303 1434 343 1488 alt
344 1434 415 1487 ornis
434 1451 448 1487 e
467 1433 592 1502 partibus
609 1435 656 1488 ire.

77 1527 166 1565 nonne
184 1510 308 1565 videst
279 1511 361 1564 otiam
380 1509 495 1563 diversis
512 1509 604 1564 nubila
621 1511 711 1564 ventis

78 1586 225 1641 diversas
217 1604 258 1641 rre
275 1587 303 1639 in
320 1587 407 1654 partis
424 1587 530 1642 inferna
547 1587 688 1663 superuisl

77 1662 124 1731 qui
143 1662 231 1715 minus
249 1662 296 1714 illa
313 1667 413 1730 queant
431 1679 609 1732 permagnos
627 1662 747 1717 aetheris
765 1663 839 1718 orbis

78 1738 199 1792 aestibus
218 1737 291 1792 inter
309 1755 339 1792 se
356 1738 470 1793 dirersis
489 1739 579 1793 sidera
595 1739 679 1794 ferril

114 1816 154 1867 At
171 1831 225 1868 nox
244 1813 335 1867 obruit
352 1813 457 1882 ingenti
475 1816 589 1883 ealigine
607 1819 703 1880 terras,

77 1893 126 1943 aut
143 1889 190 1943 ubi
209 1891 243 1943 do
261 1889 340 1958 longo
358 1907 440 1945 eursu
458 1891 497 1943 sol
515 1891 612 1944 ultima
629 1891 697 1946 caeli

77 1965 187 2034 impulit
206 1970 289 2034 atquo
309 1982 371 2019 suos
390 1965 491 2019 efflavit
508 1965 652 2033 languidus
670 1965 741 2033 ignis

78 2057 221 2096 concussos
239 2041 310 2096 itere
328 2046 357 2095 et
374 2041 522 2094 labefactos
540 2057 604 2094 aero
620 2041 714 2108 multe,

77 2121 125 2171 aut
144 2118 208 2186 quia
225 2118 276 2171 sub
294 2123 382 2171 torres
401 2134 507 2170 cursum
527 2121 687 2171 convortere
705 2117 778 2184 cogit

76 2193 116 2246 vis
135 2193 238 2262 eadem,
258 2210 340 2262 supra
359 2210 429 2262 quae
448 2196 535 2246 terras
553 2193 668 2262 pertulit
686 2191 787 2245 orbem.
805 2213 809 2219 ·

112 2269 245 2338 Tempore
262 2270 328 2322 item
348 2272 424 2323 oerto
442 2285 548 2322 roseam
567 2269 676 2324 Matuta
693 2285 743 2337 per
761 2284 822 2320 oras

77 2345 197 2399 aetheris
215 2361 340 2399 auroram
360 2344 453 2398 differt
471 2351 500 2398 et
518 2345 619 2399 lumina
635 2344 739 2414 pandit,

76 2424 125 2474 aut
142 2421 205 2488 quia
223 2422 263 2475 sol
281 2422 361 2488 idem,
381 2420 432 2474 sub
449 2425 537 2476 terras
555 2422 600 2475 ille
618 2424 766 2488 revertent,

76 2496 209 2565 anticipat
228 2498 330 2552 caelum
350 2498 434 2552 radiis
452 2499 601 2553 accendero
619 2501 765 2566 temptam,

76 2575 124 2624 aut
141 2573 205 2641 quia
222 2577 384 2628 conveniunt
401 2576 477 2642 ignes
495 2579 524 2629 et
541 2575 643 2629 semina
660 2574 747 2627 multa

76 2648 212 2702 confluere
230 2649 336 2704 ardoris
354 2655 518 2705 consuerunt
535 2654 659 2719 temporo
678 2655 761 2715 certe,

76 2741 146 2792 quae
163 2724 266 2778 iaciunt
285 2725 347 2778 solis
365 2740 435 2778 nova
451 2742 560 2796 sornper
577 2726 680 2780 lumina
696 2723 788 2791 gigni;

76 2801 151 2869 quod
167 2817 254 2869 genus
273 2799 364 2854 Idaeis
381 2799 454 2854 fama
471 2805 515 2856 est
532 2819 548 2856 e
565 2800 704 2856 montibus
721 2797 785 2852 altis

77 2877 215 2948 dispersos
233 2878 304 2948 ignis
323 2875 421 2930 orienti
439 2877 540 2933 lumine
559 2876 640 2942 cerni,

75 2954 140 3010 inde
152 2958 224 3012 eolre
235 2955 346 3025 globum
358 2953 435 3021 quasi
446 2953 474 3006 in
486 2970 570 3007 unum
583 2956 611 3006 et
624 2951 757 3005 conficere
769 2949 871 3003 orbem.
888 2963 925 3007 ose

76 3050 128 3087 nee
146 3038 236 3090 tamen
255 3031 348 3089 illud
341 3048 369 3086 ιιι
385 3028 429 3083 his
447 3029 531 3084 rebus
546 3028 678 3084 mirabile
694 3025 785 3078 debet

71 3126 138 3177 0³³⁰,
157 3113 233 3182 quod
250 3112 346 3171 haec
338 3109 414 3184 iguis
432 3111 496 3164 tam
514 3113 597 3165 eerte
613 3110 752 3170 tempere
764 3091 893 3161 poemat,

59 3189 169 3298 hemina
188 3193 336 3252 confluere
357 3197 390 3252 et
407 3188 482 3247 solis
499 3202 648 3261 reparare
663 3179 809 3236 ditarem
