2040 3426
503 131 539 188 II

102 236 246 302 tangimus,
263 233 337 287 hand
353 233 409 287 ullo
427 234 559 288 sentimus
577 233 664 289 tincta
681 235 781 289 colore.

103 311 177 378 quod
194 310 319 380 qnoniam
337 309 416 363 vinco
433 310 502 377 fieri,
518 326 589 363 nunc
606 326 666 364 esse
683 311 789 366 docebo

59 411 91 445 777
104 403 137 440 cx
154 388 268 440 ineunte
285 401 352 439 aevo
369 385 443 438 nullo
460 385 604 439 coniuncta
621 386 718 440 colore.

58 479 91 514 no
103 463 190 516 omnis
207 462 279 517 euim
296 461 370 515 color
388 461 495 514 omnino
512 464 637 515 mutatur
652 462 680 514 in
698 462 798 528 omnis;

103 539 178 608 quod
194 540 285 593 facere
301 537 376 591 haud
392 537 454 593 ullo.
465 536 568 591 debent
585 537 735 606 primordia
751 542 840 606 pacto.
921 553 959 592 mo

102 614 271 669 immutabile
288 613 360 667 enim
377 612 509 681 quiddam
526 629 656 682 superare
673 617 826 679 necessest,-

103 707 138 744 ne
155 708 200 744 res
218 690 254 743 ad
270 690 354 743 nilum
371 689 533 757 redigantur
548 689 674 743 funditus
691 705 791 743 omnes.

103 782 166 819 nam
185 765 374 835 quodcumque
392 765 448 819 suis
464 767 600 818 mutatum
617 764 717 818 finibus
733 764 798 832 exit,

103 843 229 895 continuo
247 841 298 895 hoc
315 857 388 894 mors
406 843 449 894 est
466 840 537 895 illius
555 840 630 908 quod
647 839 700 894 fuit
717 842 789 896 ante.

102 918 218 986 proinde
234 918 324 973 colore
341 932 407 971 cave
425 916 566 984 contingas
583 916 686 970 semina
704 932 804 982 rerum,
923 929 958 967 777

102 1009 137 1047 no
154 994 205 1047 tibi
221 1010 266 1048 res
283 993 400 1047 redeant
416 992 452 1046 ad
469 992 554 1046 nilum
570 992 696 1046 funditus
712 1009 812 1046 omnes
838 988 842 994 ”

137 1069 285 1125 Praeterea
303 1069 326 1123 si
342 1068 416 1122 nulla
433 1068 531 1122 coloris
547 1068 687 1138 principiis
704 1072 748 1122 est

102 1144 212 1198 reddita
228 1147 326 1199 natura
343 1147 373 1198 et
390 1143 472 1197 variis
490 1147 553 1197 sunt
570 1144 697 1212 praedita
714 1144 815 1211 formis,

103 1237 119 1274 e
136 1220 233 1287 quibus
250 1236 330 1274 omno
347 1235 433 1287 genus
450 1219 566 1286 gignunt
583 1219 743 1286 variantque
760 1218 863 1272 colores

102 1299 256 1365 propterea,
273 1296 364 1363 magui
381 1293 454 1363 quod
472 1294 559 1347 refert
575 1294 678 1348 semina
694 1310 817 1362 quaeque
920 1309 958 1348 too

103 1388 165 1426 omn
183 1372 280 1439 quibus
298 1372 327 1424 et
344 1369 417 1437 quob
435 1369 558 1437 positura
574 1369 764 1422 contineantur

102 1449 132 1501 et
149 1463 217 1515 quos
233 1447 353 1500 intereo
371 1444 439 1498 dent
457 1446 547 1497 motus
565 1443 758 1512 accipiantque,

102 1523 232 1592 perfacile
249 1520 388 1589 extemplo
405 1519 540 1574 rationem
557 1518 677 1572 reddere
693 1519 780 1588 possis

102 1615 151 1653 cur
168 1614 287 1667 eaquae
304 1597 382 1664 nigro
399 1595 502 1649 fuerint
518 1595 601 1664 paulo
617 1596 682 1648 ante
698 1595 796 1662 colore,

101 1690 253 1729 marmoreo
270 1673 330 1727 fieri
347 1672 453 1741 possint
470 1670 588 1725 candore
605 1673 734 1740 repente3
918 1687 956 1729 me

100 1752 133 1804 ut
149 1767 232 1820 mare,
249 1766 312 1804 cnm
329 1749 419 1818 magni
436 1748 609 1807 commorunt
625 1763 744 1814 aequora
760 1749 843 1817 venti,

101 1826 218 1880 vertitur
234 1827 263 1879 in
280 1839 360 1896 canos
377 1823 505 1880 candenti
521 1839 661 1878 marmore
676 1823 782 1878 fluctus.

101 1901 193 1956 dicero
209 1902 282 1956 enim
298 1903 395 1972 possis,¹
410 1901 519 1968 nigrum
536 1900 617 1968 quod
633 1915 715 1968 saepe
731 1900 863 1968 ridemus,

101 1978 230 2033 materies
239 1978 294 2038 ubi
310 1978 448 2049 permixta
464 1979 508 2030 est
520 1975 598 2028 illius
609 1977 647 2036 ,et
663 1974 730 2028 ordo

100 2054 241 2123 principiis
251 2056 373 2106 mutatus
385 2049 523 2107 etaddita
533 2052 702 2119 demptaque
713 2050 856 2119 quaedam,
919 2067 957 2110 777

101 2131 229 2184 continuo
246 2128 276 2182 id
292 2128 352 2182 fieri
368 2131 401 2185 ut
419 2127 538 2184 candens
554 2128 683 2183 videatur
700 2129 729 2179 ct
746 2125 845 2180 album.

101 2205 176 2273 quod
194 2205 216 2258 si
234 2203 366 2259 caeruleis
383 2207 542 2257 constarent
559 2219 678 2271 aequora
695 2201 771 2270 pont'

101 2279 257 2346 seminibus,
274 2279 349 2332 nullo
366 2281 478 2348 possent
494 2278 633 2332 albescere
650 2273 737 2347 paeto.

100 2373 165 2411 nam
182 2371 352 2428 quocumque
368 2354 449 2409 modo
467 2354 620 2425 perturbes¹
631 2353 739 2407 caerula
755 2369 827 2424 quae
844 2353 908 2418 sint,

100 2429 250 2501 numquam
261 2431 289 2484 in
300 2447 480 2506 marmoreum
493 2433 608 2501 possunt
619 2430 737 2498 migrare
748 2430 873 2494 colorem.
919 2447 956 2489 775

101 2511 143 2564 siu
160 2508 213 2562 alio
230 2510 313 2576 atque
330 2507 382 2561 alio
401 2510 465 2562 sunt
482 2509 585 2562 semina
602 2507 688 2560 tincta
704 2506 795 2570 coloro

101 2601 171 2654 quae
188 2583 408 2649 maristefficiuut
424 2601 509 2639 uuum
526 2583 820 2652 purumque-nitorem,

100 2665 134 2716 ut
150 2677 233 2729 saepe
250 2677 285 2714 ex
302 2659 362 2714 aliis
378 2661 471 2713 formis
488 2659 624 2726 variisque
640 2657 735 2725 figuris

101 2737 218 2792 efficitur
235 2736 366 2805 quiddam
383 2735 548 2804 quadratum
565 2749 673 2802 unaque
691 2733 787 2800 figura,
812 2795 815 2799 ι
881 2780 882 2783 ,

101 2812 286 2880 conveniebat,
299 2814 335 2872 vut
351 2812 379 2864 in
396 2810 534 2877 quadrato,
547 2808 760 2873 cernimus-esso
784 2859 787 2867 ,
854 2807 857 2813 ’
886 2806 893 2812 ”
920 2818 958 2860 sao

101 2889 245 2943 dissimiles
262 2889 368 2951 formas
385 2887 425 2939 ita
442 2901 554 2939 cemero
571 2885 598 2937 iu
616 2897 734 2949 aequore
750 2882 829 2951 ponti

101 2968 150 3018 aut
168 2965 220 3018 alio
238 2965 265 3017 in
283 2963 377 3032 quovis
394 2977 448 3015 uno
466 2975 589 3029 puroque
606 2958 698 3011 nitore

102 3041 246 3094 dissimiles
262 3039 343 3108 longe
359 3039 433 3095 inter
452 3054 483 3094 se
500 3036 653 3110 samesium
670 3032 795 3088 colores.

88 3119 236 3181 practerea
253 3115 292 3170 nil
310 3117 441 3176 officiunt
457 3117 643 3186 obstantque
659 3111 779 3182 trgum
933 3174 943 3188 ⁸
1019 3162 1020 3167 ,

81 3189 229 3246 dissimiles
248 3209 305 3264 quo
324 3197 513 3266 quadratum
529 3196 635 3255 minus
654 3201 750 3246 omne
767 3183 813 3235 sit
832 3171 952 3224 oannes
998 3260 1008 3271 Ο
