2040 3426
455 117 528 175 IIII
868 119 926 178 105
941 112 944 117 ’

72 181 176 289 quippe
194 218 240 272 ubi
257 218 300 272 cui
316 217 402 272 febris
419 218 467 272 bili
484 222 630 288 superante
648 223 742 274 coorta
759 223 803 274 est

58 295 196 356 'aetalia
213 294 319 349 ratione
336 294 455 363 aliquast
471 294 513 348 vis
531 293 622 348 exeita
639 295 734 364 morbi,
896 312 931 349 oar

74 371 255 441 perturbatur
271 371 310 424 ibi
327 370 382 424 iam
399 374 489 425 totum
507 388 606 440 corpus
623 374 652 425 et
670 388 764 427 omnes

74 451 279 502 commntantur
295 446 334 501 ibi
351 448 491 517 positurae
507 447 717 517 principiorum3

74 525 108 578 fit
125 524 201 592 prius
218 523 255 577 ad
272 539 381 578 sensnm
399 530 431 576 ot
449 540 519 592 quae
536 541 651 592 corpora
667 524 863 579 conveniebant

75 614 146 653 nune
163 616 217 654 non
234 600 403 665 conveniant,
422 602 452 652 et
469 602 561 653 cetera
579 600 634 653 sint
652 600 739 669 magis
756 603 830 668 apta,

74 691 145 743 quae
157 678 302 745 penetrata
314 678 419 743 queunt
431 691 540 728 sensum
554 675 718 744 progignere
730 674 866 729 acerbmn.
896 691 932 730 oro

495 761 513 796 a

73 839 192 905 utraque
209 835 282 890 enim
300 839 364 889 sunt
381 836 410 889 in
427 836 515 890 mellis
532 837 679 891 commixta
696 854 808 908 sapere;

73 912 104 965 id
122 911 267 981 quodiam
285 928 384 981 supera
400 911 452 966 tibi
470 929 553 981 saepe
570 913 739 968 ostendimus
756 917 828 968 ante.

110 988 136 1041 N
138 1005 192 1042 une
210 1004 261 1056 age
278 1003 332 1056 quo
349 991 430 1056 paeto
447 987 521 1042 naris
539 989 661 1043 adiectus
679 989 771 1044 odoris

75 1067 173 1131 tangat
191 1080 277 1133 agam.
294 1063 412 1132 primum
430 1080 474 1118 res
491 1064 594 1118 multas
612 1081 672 1119 esse
689 1069 829 1121 necessest

74 1139 149 1193 unde
166 1139 254 1193 fluens
270 1136 361 1194 volvat
378 1134 469 1193 varius
491 1156 520 1193 se
538 1140 637 1195 fluctus
655 1142 778 1211 odorum,
896 1153 933 1192 ors

75 1219 105 1270 et
122 1216 208 1270 fluere
225 1219 255 1270 et
272 1216 345 1281 mitti
363 1216 441 1283 volgo
459 1217 605 1284 spargique
623 1217 817 1285 putandumst3

75 1308 171 1345 verum
188 1291 248 1344 aliis
265 1292 333 1345 alius
351 1292 438 1359 magis
456 1294 499 1344 est
516 1292 696 1346 animantibus
715 1296 796 1361 aptus

75 1366 215 1420 dissimilis
232 1371 347 1436 propter
365 1366 473 1419 formas.
491 1367 607 1434 ideoque
625 1384 676 1435 per
693 1384 773 1421 auras

74 1442 162 1496 mellis
179 1460 245 1512 apes
263 1442 387 1510 quamvis
404 1441 485 1509 longe
503 1442 639 1496 ducuntur
656 1442 748 1511 odore,

74 1518 239 1586 volturiique
257 1518 442 1572 cadaveribus.
460 1522 520 1571 tum
539 1518 602 1571 fissa
620 1518 740 1571 ferarum
896 1529 933 1570 oso

74 1593 246 1663 ungulaque
264 1595 360 1649 tulerit
376 1611 499 1663 gressum
518 1594 650 1664 pennissa
668 1611 764 1648 canum
781 1593 821 1647 vis

76 1669 161 1736 dueit,
180 1672 211 1723 et'
225 1669 373 1723 humanum
390 1671 470 1739 lenge
487 1670 640 1739 praesentit
658 1669 769 1724 odorem

77 1745 285 1799 Romulidarum
303 1742 372 1800 areis
391 1750 514 1800 servator
531 1746 663 1801 candidus
681 1763 767 1800 anser.
793 1750 796 1758 '

78 1822 116 1875 sic
134 1821 195 1874 aliis
213 1821 281 1875 alius
298 1821 378 1876 nidor
395 1822 477 1876 datus
494 1822 530 1876 ad
548 1839 597 1876 sua
615 1839 750 1891 quemque

77 1896 179 1966 pabula
196 1897 273 1952 ducit
290 1902 320 1953 et
337 1915 353 1952 a
370 1901 461 1952 taetre
478 1897 584 1952 resilire
601 1915 703 1951 veneno
899 1908 935 1948 oss

78 1973 158 2040 cogit
176 1989 262 2040 eoque
280 1973 361 2027 medo
380 1976 524 2027 serrantur
542 1973 630 2026 saecla
647 1973 773 2025 ferarum.

115 2049 169 2102 llic
187 2048 255 2102 odor
271 2048 331 2116 ipse
348 2048 441 2115 igitur,
459 2047 533 2100 naris
552 2048 714 2116 quicumque
732 2045 848 2112 lacessit,

78 2127 122 2178 est
139 2122 191 2176 alio
209 2127 240 2176 ut
258 2123 350 2191 possit
361 2122 486 2191 permitti
504 2121 609 2190 longius
627 2123 704 2176 alter.

78 2199 128 2253 sed
146 2202 238 2252 tamen
256 2199 329 2251 haud
347 2199 489 2266 quisquam
508 2201 565 2252 tam
583 2197 662 2266 longe
680 2199 768 2252 fertur
786 2211 880 2249 eorum

77 2291 160 2343 quam
174 2273 284 2339 sonitus,
296 2290 378 2341 quam
391 2289 449 2339 vox,
463 2274 544 2327 mitto
556 2274 610 2326 iam
623 2273 715 2327 dicere
727 2288 808 2342 <quam
820 2288 865 2325 res
898 2286 935 2324 ooo

76 2367 147 2419 quae
164 2348 267 2402 feriunt
284 2349 422 2402 oculorum
440 2351 512 2403 acies
529 2349 671 2418 visumque
687 2349 830 2403 lacessunt.
844 2418 849 2425 1

77 2423 249 2480 errabundus
263 2424 339 2478 enim
357 2425 437 2480 tarde
454 2426 530 2480 venit
548 2443 579 2480 ae
596 2426 670 2495 perit
687 2429 752 2480 ante

77 2500 210 2571 paulatim
228 2500 313 2554 facilis
331 2500 481 2556 distractus
498 2502 527 2555 in
544 2502 614 2557 aeris
632 2517 727 2569 anras3

78 2595 112 2631 ex
131 2577 186 2630 alto
204 2577 323 2645 primum
340 2577 404 2643 quia
421 2579 465 2631 v'm
484 2578 619 2634 emittitur
637 2595 671 2633 ex
689 2596 733 2632 re:

43 2678 44 2683 κ
78 2669 141 2706 nam
159 2653 269 2721 penitus
286 2653 371 2705 fluere
389 2658 473 2722 atque
490 2654 620 2708 recedere
638 2655 720 2707 rebus
738 2653 837 2706 odores
899 2665 936 2702 oss

79 2728 214 2796 significat
231 2726 305 2795 quod
323 2726 410 2781 fracta
427 2729 514 2797 magis
531 2727 656 2783 redolere
674 2728 802 2782 ridentur
852 2764 854 2768 »

79 2804 175 2872 omnia,
194 2803 268 2871 quod
285 2803 409 2869 contrita
426 2804 499 2872 qued
517 2805 572 2872 igni
590 2804 790 2858 conlabefacta:

79 2879 178 2932 deinde
196 2879 291 2933 videre
308 2878 374 2932 licet
391 2879 537 2932 maioribus
555 2895 615 2933 esse
633 2882 756 2933 creatum

79 2954 218 3024 principiis
235 2971 317 3023 quam
335 2969 395 3019 vox,
413 2955 541 3022 quoniam
558 2970 609 3022 per
626 2969 708 3006 saxea
726 2954 823 3020 saepta

79 3046 133 3084 non
151 3033 287 3100 penetrat,
305 3046 359 3100 qua
376 3046 429 3083 vox
446 3030 525 3098 volgo
543 3028 705 3098 sonitusque
719 3027 866 3108 teruntur.
878 3042 888 3100 .'
907 3035 956 3070 um

77 3122 163 3174 quare
180 3105 263 3161 etiam
282 3107 359 3179 quod
377 3107 437 3165 olet
453 3125 512 3164 non
527 3111 593 3164 tam
607 3105 696 3160 imile
712 3114 781 3154 esse
791 3091 917 3145 sunere
990 3176 993 3181 Ι

59 3179 237 3297 liprestigare
255 3187 286 3240 in
305 3205 365 3259 qua
383 3189 423 3246 sit
441 3188 565 3260 regione
580 3185 729 3238 locatum.
