2040 3426
84 109 122 166 64
266 107 270 115 ’
485 103 537 162 III

83 211 203 266 laeditur
220 213 249 266 in
268 209 354 273 nobis,
373 197 516 261 non'omni
535 206 739 262 concruciamur

85 302 204 355 corpore,
223 289 261 342 sic
279 287 386 340 animus
402 299 604 352 nonnumquam
621 283 742 337 laeditur
758 285 818 352 ipso

85 362 245 433 laetitiaque
264 365 345 430 riget,
364 375 425 413 cum
443 362 536 413 cetera
552 375 616 428 pars
633 358 733 413 anirnai
901 378 940 418 ιω

84 455 134 505 per
152 440 275 493 membra
292 443 376 506 atquo
393 439 470 489 artus
487 435 561 488 nulla
578 435 700 490 novitate
717 437 812 491 cietur.

85 530 179 568 verum
196 515 244 569 ubi
262 513 381 569 vementi
399 511 486 579 magis
504 514 548 564 cst
565 514 700 565 commota
717 517 793 566 metu
811 529 897 583 rueris,

83 591 236 646 consentire
254 592 370 645 animam
389 590 475 641 totam
493 603 543 655 per
560 585 685 640 membra
701 587 828 642 videmus

83 666 250 737 sardoresquo
268 668 308 721 ita
324 665 510 734 palloremque
526 662 645 716 existere
663 667 723 718 toto

84 758 196 810 corpore
215 747 244 798 ct
261 742 370 808 infringi
387 740 508 807 linguam
525 755 673 807 vocemque
691 740 799 808 aboriri,
901 758 940 798 res

83 817 199 886 ailigere
217 820 316 885 oculos,
334 833 430 870 sonere
447 815 528 883 auris,
546 815 685 868 succidere
703 819 786 884 artus,

83 893 201 962 «lenique
219 895 360 948 concidere
378 910 412 946 ex
430 892 512 944 animi
530 895 636 945 terrore
652 892 778 946 ridemus

83 986 165 1038 saepe
183 971 319 1035 homines3
338 969 416 1022 facile
434 971 466 1020 ut
484 968 573 1036 quivis
590 968 653 1021 hinc
669 985 782 1022 noscero
798 969 885 1037 possit

82 1062 142 1098 esse
154 1047 270 1098 animam
283 1063 344 1098 eum
357 1045 447 1097 animo
459 1045 638 1111 coniunctam,
650 1061 720 1112 quae
731 1061 793 1098 cum
805 1045 888 1098 animi
906 1048 937 1101 aa'

82 1127 244 1188 percussam,
262 1122 333 1174 exim
353 1136 451 1188 corpus
468 1120 597 1188 propellit
614 1125 643 1173 et
660 1120 716 1174 icit
898 1137 937 1176 1oo

118 1197 196 1250 Ilaec
214 1197 309 1249 eadem
328 1196 400 1249 ratio
417 1199 544 1249 naturam
562 1196 644 1248 animi
663 1200 746 1265 atque
763 1197 864 1250 animai

82 1288 239 1342 corpoream
258 1273 338 1327 docet
356 1290 423 1326 csse.
442 1272 488 1325 ubi
507 1272 579 1324 cuim
596 1272 749 1339 propellere
766 1271 898 1340 membra,

80 1350 216 1418 corripere
233 1367 267 1403 cx
285 1367 379 1404 somno
398 1365 496 1418 corpus
514 1351 676 1416 mutareque
694 1349 800 1401 vultum

82 1429 165 1493 atque
182 1425 320 1480 homiuem
338 1430 428 1481 totum
447 1440 542 1492 regere
560 1441 592 1477 ac
610 1440 719 1477 versare
737 1425 854 1491 ridetur,

82 1519 196 1569 quorum
214 1503 252 1555 nil
271 1503 331 1556 fieri
350 1503 408 1556 sine
426 1506 502 1555 tactu
520 1517 599 1568 posse
617 1500 741 1554 videmus
897 1518 936 1556 los

82 1593 132 1629 ncc
150 1581 252 1631 tactum
271 1594 352 1643 porro
371 1579 429 1630 sine
448 1593 568 1646 corpore,
586 1593 675 1630 nonne
691 1577 862 1638 fatendumst

82 1668 211 1719 corporea
230 1658 328 1706 natura
346 1653 466 1705 animum
484 1656 608 1706 constare
625 1653 814 1721 animamquol

82 1732 224 1795 praetcrea
241 1729 345 1796 pariter
362 1729 438 1796 iungi
456 1747 517 1783 eum
536 1745 648 1798 corpore
666 1733 695 1782 et
713 1745 767 1781 rura

81 1804 234 1858 crrrrscntiro
252 1805 371 1858 animum
390 1805 468 1858 nobis
485 1805 512 1857 in
533 1822 645 1873 corporo
662 1805 758 1858 cernis.

80 1881 102 1933 si
121 1879 210 1932 minus
228 1880 341 1935 offendit
359 1882 443 1934 sitam
462 1882 502 1934 ris
520 1881 632 1933 horrida
649 1881 697 1933 teli

80 1955 186 2008 ossibus
203 1974 234 2010 ae
251 1959 342 2011 nervis
361 1958 486 2010 disclusis
504 1958 578 2010 intus
596 1957 700 2023 adacta,

79 2037 109 2086 at
127 2034 218 2085 tamen
236 2034 389 2101 insequitur
406 2035 520 2100 languor
538 2039 681 2101 terraeque
700 2033 804 2102 petitus

80 2125 175 2163 silam.
195 2112 223 2162 ct
241 2111 268 2163 in
287 2116 361 2163 terra
379 2110 478 2163 montis
497 2109 543 2176 qui
561 2109 683 2176 gignitur
700 2111 799 2173 aestus,

79 2186 271 2254 interdumque
289 2188 365 2255 quasi
383 2187 533 2254 exurgendi
551 2187 657 2239 incerta
674 2185 805 2237 voluntas.

78 2279 143 2329 ergo
161 2280 317 2332 corpoream
336 2268 468 2317 naturam
479 2263 561 2316 arrinri
580 2278 639 2315 csse
657 2264 801 2327 necessest,
829 2291 833 2298 ·
893 2276 931 2316 171

78 2339 216 2406 corporeis
233 2340 361 2406 quoniam
378 2339 442 2392 telis
461 2339 571 2406 ictuque
582 2338 702 2391 'laborat

115 2414 143 2467 ls
161 2414 211 2467 tibi
229 2432 300 2468 nunc
318 2417 423 2468 animus
441 2416 514 2483 quali
533 2416 570 2468 sit
587 2430 698 2481 corpore
720 2417 749 2466 et
767 2413 840 2467 unde

80 2489 233 2543 constiterit
252 2507 362 2557 pergam
381 2491 515 2544 rationem
532 2492 649 2544 reddere
667 2489 755 2543 dictis.

79 2566 210 2632 principio
228 2582 287 2619 esso
304 2568 347 2619 aio
365 2567 543 2636 persuptilem
562 2571 644 2637 atque
661 2566 773 2619 minutis

78 2659 210 2712 perquam
228 2643 386 2711 corporibus
404 2644 504 2697 factum
522 2647 653 2698 constare.
671 2643 700 2695 id
717 2643 757 2695 ita
774 2658 834 2694 csse
892 2657 929 2696 rso

77 2720 139 2773 irinc
158 2719 223 2772 licet
241 2719 368 2773 advertas
386 2720 506 2773 animum
524 2723 556 2773 ut
574 2735 736 2789 pernoscere
754 2718 847 2786 possis.

77 2796 114 2848 nil
132 2796 201 2850 adeo
219 2797 278 2848 fieri
298 2796 379 2849 celeri
398 2797 504 2850 ratione
521 2796 638 2862 videtur,

77 2888 158 2935 uriam
176 2873 227 2925 sibi
247 2890 324 2926 mens
342 2873 401 2926 fieri
420 2872 548 2942 proponit
566 2878 595 2926 et
613 2871 721 2924 inchoat
740 2870 806 2939 ipsa.

76 2945 149 2997 ocius
167 2963 232 3012 ergo
249 2949 355 3001 animus
373 2965 454 3017 quam
472 2965 516 3001 res
534 2964 563 3002 se
581 2948 686 3017 perciet
703 2947 765 3013 ulla,

68 3022 139 3068 aare
155 3021 246 3073 oculos
262 3041 378 3091 quorum
396 3025 424 3078 iu
442 3028 573 3094 promptu
588 3028 687 3076 natura
704 3023 819 3075 ridetur.

51 3095 87 3139 at
102 3092 184 3152 quod
198 3096 306 3151 mobile
326 3105 408 3156 tanto
426 3106 551 3171 operest,
569 3103 698 3154 constare
713 3096 843 3148 rutundis

27 3172 176 3224 perquam
196 3173 361 3228 seminibus
383 3179 479 3231 debet
497 3190 696 3245 perquamque
712 3169 840 3225 1111111111,
