2040 3426
457 103 513 140 XXX

62 235 143 275 causa
162 223 191 275 et
213 236 276 275 cum
299 219 431 275 orationis
451 220 660 290 sententiaeque
680 221 863 294 detrimento’,
881 230 915 282 ut

61 307 154 364 verbis
165 310 230 362 utar
242 307 375 376 Madvigii
387 307 493 362 emend.
507 308 564 361 Liv.
573 324 599 376 p.
610 312 668 375 123,
677 308 775 364 ubivir
785 311 915 366 eruditis-
958 368 962 374 ,
979 351 981 354 -

62 393 146 447 simus
158 393 209 446 hoc
220 393 350 460 loquendi
362 409 448 461 genus
458 392 585 446 illustrat.
606 438 615 468 3

114 483 164 537 768
198 479 262 532 libri
275 494 391 533 aunone.
426 478 618 532 Lachmannus
627 478 728 546 sulpit.

114 571 164 620 805
199 558 406 620 libri'rnmuu.
446 563 634 618 Lachmannus
649 565 760 634 poesim
779 566 838 621 sine
857 568 914 622 ulla

62 665 149 704 causa.
183 653 291 705 namin
307 658 358 707 988
376 668 485 720 quoque
503 651 638 705 mortalia
653 652 744 706 saecla
761 652 912 708 humanum

62 751 154 804 genus,
166 753 220 791 non
231 753 311 791 omne
322 753 408 809 genus
420 736 587 791 animantum
599 735 741 804 significat.

114 827 166 876 854
199 838 250 891 pro
275 814 408 874 urrunnu
428 821 523 889 scripsi
541 836 604 874 cum
624 819 774 888 Bernaysio
794 826 913 875 meunt.

61 907 90 960 in
103 909 242 976 superiore
252 923 334 961 versu
344 923 394 974 pro
406 920 521 959 annuns
536 905 727 960 Lachmannus
742 906 913 975 overe.quod

63 1007 124 1044 enm
136 990 365 1060 praecedentibus
377 990 523 1059 coniungit

114 1082 162 1132 881
200 1076 352 1146 quadratus
363 1091 420 1130 esa
436 1091 483 1130 ms
499 1091 535 1131 uu
552 1092 610 1132 non
627 1091 765 1132 sacrans.
800 1091 913 1144 presan

63 1163 195 1232 oblongus
216 1178 265 1218 sm.
300 1162 396 1232 scripsi
416 1162 484 1231 viso.
504 1169 537 1217 ot
556 1180 615 1237 noo
638 1170 767 1232 culpor.
798 1180 859 1232 par
882 1163 911 1216 in

62 1250 185 1318 margine
195 1250 314 1319 primum
330 1249 499 1319 adscriptum
515 1248 600 1303 finisse
611 1249 728 1316 videtur,
739 1250 772 1302 ut
783 1249 811 1302 in
822 1248 912 1302 locum

62 1334 149 1404 inepti
164 1353 238 1404 pars
257 1339 465 1406 supponeretur,
477 1338 507 1389 et
522 1334 587 1388 inde
602 1334 631 1387 iu
641 1351 750 1388 versum
763 1334 911 1403 irrepsisse.

63 1419 252 1475 Lachmannus
271 1423 370 1489 portis
393 1428 426 1473 at
448 1421 475 1472 si
493 1436 561 1488 par,
583 1419 658 1487 quod
680 1420 727 1473 vix
750 1420 912 1488 intellegere

62 1521 180 1574 possum.
215 1507 338 1573 loquitur
355 1508 437 1573 poeta
451 1505 486 1557 de
502 1502 584 1556 rebus
599 1519 634 1557 ex
651 1503 811 1572 alienigenis
826 1522 912 1560 mem-
951 1559 953 1563 .

63 1589 120 1643 bris
131 1591 171 1644 ita
182 1590 337 1658 compactis,
344 1593 377 1644 ut
385 1590 427 1662 vis
435 1593 465 1643 et
475 1591 599 1656 potestas
607 1589 752 1659 utriusque
760 1591 849 1659 partis
856 1609 911 1646 non

63 1674 130 1730 satis
141 1692 192 1744 par
204 1692 264 1729 esse
272 1676 366 1744 possit.

114 1766 166 1816 888
199 1776 251 1829 pro
262 1774 379 1814 cunam
391 1759 487 1830 scripsi
496 1777 588 1828 puero
600 1761 648 1815 olli
660 1761 728 1829 (olel.
761 1761 911 1817 Lachman-
979 1811 982 1815 .

61 1859 194 1897 nuscum
214 1843 333 1897 Avantio
347 1842 456 1911 pueris,
475 1859 529 1912 quo
545 1843 604 1897 ‘nil'
620 1844 679 1898 ait‘
688 1847 737 1898 aut
755 1845 847 1899 verius
864 1862 911 1899 cx-

62 1928 177 1998 eogitari
189 1930 281 1998 potest
292 1932 341 1984 aut
352 1929 508 1998 pulchrius.

114 2021 163 2070 901
199 2031 263 2070 cero
273 2031 335 2070 cum
347 2015 389 2071 ed
404 2015 478 2070 Iunt
489 2019 552 2085 post
564 2016 680 2085 quedem
694 2015 797 2072 addidi
827 2015 912 2072 Lach-

61 2115 177 2154 mannus
187 2100 216 2154 in
227 2099 361 2170 principio
372 2116 468 2155 versus
480 2101 610 2169 denique

114 2192 164 2241 923
199 2203 249 2256 pro
260 2201 287 2243 er
299 2187 460 2263 scripsirec.
495 2186 684 2242 Lachmannus
697 2187 747 2242 eia

114 2276 164 2331 947
199 2290 249 2343 pro
268 2288 431 2328 ouamomnr
450 2273 585 2342 llorbiger
601 2273 706 2342 optime
722 2272 820 2328 Gloru'
836 2271 912 2327 citet.

63 2356 254 2410 Lachmannus
274 2357 528 2425 Glaripitol,·quod
551 2375 602 2412 neo
622 2359 724 2413 dieitur
744 2359 842 2412 Latine
861 2373 912 2410 nec

62 2440 117 2494 dici
134 2443 228 2509 potest
241 2456 299 2508 nec,
311 2441 334 2494 si
350 2441 497 2509 diceretur,
510 2443 584 2511 quod
598 2442 645 2496 ille
656 2443 748 2507 voluit,
760 2442 913 2508 significare

62 2528 162 2593 posset.

114 2613 164 2668 975
200 2608 352 2664 rectissime
368 2608 531 2677 Naugerius,
548 2625 603 2663 non
619 2611 763 2678 Aventius,
779 2613 846 2680 pust
862 2615 912 2670 967

61 2698 237 2768 transposuit.
262 2695 321 2750 ‘hic
344 2694 436 2749 omnia
457 2694 528 2749 mira
547 2696 622 2769 suno
643 2696 683 2751 ait
706 2696 912 2764 Lachmannus3

61 2785 99 2838 nil
117 2788 211 2849 tamen
228 2783 379 2839 mirabilius
396 2797 479 2851 quam
495 2781 570 2850 quod
581 2781 640 2851 ipse
652 2782 748 2836 effecit
784 2799 848 2836 nam
860 2786 911 2841 979

61 2869 89 2922 in
102 2869 156 2923 duo
171 2887 267 2924 versus
284 2868 443 2923 dimidiatos
458 2867 577 2935 diremit,
590 2884 707 2936 quorum
724 2867 805 2921 unius
820 2868 912 2937 finem,

61 2955 199 3010 alterius
191 2957 299 3008 mitium
317 2955 488 3010 intercidisse
505 2955 580 3021 vult;
604 2953 706 3009 deinde
723 2957 774 3012 975
791 2953 912 3009 medium

40 3036 184 3093 laternas
197 3056 326 3095 versuum
339 3045 440 3113 partes
451 3041 581 3109 collocat,
592 3039 703 3117 adiecta
710 3039 802 3094 totuis
811 3041 924 3090 senten-

21 3114 85 3173 21210
98 3122 261 3182 durIssima
275 3128 537 3200 interpretatione
575 3144 631 3198 ogo
647 3127 749 3183 autem
763 3123 819 3178 aio
832 3117 944 3169 lenm
