2040 3426
96 107 153 164 162
493 104 543 160 VI

93 209 192 278 ignem,
211 208 384 264 continuent
400 223 500 276 magno
517 209 635 263 clamore
651 210 791 277 trucidet;

93 289 125 340 ut
143 284 238 340 mlidis
255 285 376 339 candens
392 285 495 347 ferrum
514 301 530 339 o
547 285 703 343 fornacibus
720 287 785 340 olim

94 361 195 429 stridit,
213 360 260 414 ubi
277 361 306 414 in
323 359 445 428 gelidum
464 377 582 430 propere
599 360 780 416 demersimus
795 363 925 418 imbrem

92 437 195 491 aridior
210 454 295 506 porro
311 437 334 490 si
352 436 439 490 nubes
456 437 555 504 accipit
572 437 670 504 ignem,
910 455 950 494 ιω

92 514 181 566 uritur
198 514 302 581 ingenti
320 514 412 566 souitu
429 530 557 566 succensa
574 519 704 581 repente;

92 587 255 645 lauricomos
271 593 302 643 ut
320 590 343 642 si
361 605 411 658 per
429 588 532 642 montis
547 589 655 643 damma
672 593 788 658 rogetur

92 665 204 719 turbiue
220 669 363 720 ventorum
381 664 543 718 comburens
560 665 662 733 impete
679 683 793 734 magum

92 756 142 794 nec
160 758 205 795 res
222 741 277 795 ulla
294 741 382 808 magis
393 757 481 808 ,quam
500 739 604 794 Phoebi
623 740 756 810 Delphice
771 743 868 798 laurus

92 816 208 870 terribili
226 817 316 871 sonitu
333 816 441 870 flamma
458 817 611 884 crepitante
628 821 772 874 crematur.
908 833 946 874 stc

93 890 211 959 deniquo
229 909 310 962 saepe
327 892 381 961 geli
399 892 502 946 multus
519 892 613 959 fragor
631 896 713 960 atquc
731 894 810 946 ruina

92 967 234 1038 grandinis
249 968 278 1021 in
295 967 401 1035 magnis
418 968 537 1025 smitum
556 968 604 1021 dat
622 968 739 1022 nubibus
756 970 820 1023 alte.

92 1047 191 1098 ventus
207 1045 279 1098 enim
296 1060 359 1099 eum
376 1043 515 1111 confercit,
533 1043 703 1111 frangimtur,
721 1045 749 1096 in
767 1049 868 1113 artum,

92 1119 210 1173 concreti
228 1122 335 1173 montes
352 1119 506 1174 nimborum
524 1122 555 1173 et
570 1119 703 1186 grandine
720 1121 807 1174 mixti.

127 1194 221 1262 Fulgit
237 1195 313 1265 item,
329 1195 416 1250 nubes
433 1194 504 1264 iguis
520 1211 582 1266 cum
600 1194 704 1248 semina
720 1196 807 1250 multa
907 1213 944 1253 roo

92 1287 234 1326 excussere
250 1289 300 1326 sue
318 1287 464 1338 concursu;
482 1287 533 1326 esu
545 1270 668 1340 ¹lapidem
687 1271 710 1324 si

90 1347 227 1415 percutiat
244 1347 312 1418 lepis
329 1350 378 1403 sut
394 1347 512 1413 ferrum;
530 1363 592 1400 nem
611 1350 670 1400 tum
688 1363 798 1415 quoque
814 1348 906 1404 lmnen

91 1423 169 1478 exilit
186 1425 215 1477 ct
232 1424 318 1478 claras
336 1423 464 1478 scintillas
482 1422 599 1491 dissipat
616 1421 693 1490 iguis.

91 1498 141 1552 scd
157 1501 288 1554 tonitrum
306 1500 339 1553 fit
355 1500 397 1553 uti
414 1502 478 1565 post
494 1497 606 1552 auribus
622 1498 792 1567 accipiamus,

89 1573 195 1642 fulgere
211 1592 293 1644 quam
312 1579 425 1629 cernant
443 1574 521 1641 oculi,
539 1573 603 1642 quia
621 1574 783 1642 semper-ad
800 1576 877 1629 auris
904 1589 941 1630 res

89 1651 195 1703 tardius
212 1651 360 1704 adveniunt
378 1667 459 1719 quam
477 1650 564 1704 visum
582 1665 654 1718 quac
669 1654 796 1704 moveant
812 1668 866 1707 res.

88 1724 119 1777 id
136 1724 201 1778 licet
217 1725 279 1778 hinc
296 1726 378 1779 etiam
396 1741 564 1793 cognoscere.
582 1725 696 1780 caedere
714 1727 737 1778 si
754 1743 835 1792 quem

89 1799 200 1869 ancipiti
218 1800 312 1854 videas
329 1801 402 1854 ferro
419 1800 514 1869 procul
531 1800 636 1854 arboris
654 1805 773 1870 auctius,

88 1877 152 1929 ante
170 1875 202 1929 lit
219 1878 250 1930 ut
268 1892 363 1930 cernas
380 1876 466 1930 ictum
484 1891 566 1944 quam
583 1876 667 1945 plaga
682 1893 733 1946 per
750 1878 823 1931 auris

88 1951 137 2007 det
155 1952 280 2007 sonitum.
299 1953 337 2008 sic
354 1953 487 2022 fulgorem
504 1968 613 2021 quoque
630 1954 766 2008 cernimus
781 1957 847 2011 ante
904 1968 941 2010 no

88 2045 169 2095 quam
186 2028 319 2082 tonitrum
338 2029 493 2097 accipimus,
512 2029 617 2098 pariter
634 2028 680 2095 qui
698 2029 819 2085 mittitur
835 2030 894 2098 igni

88 2119 105 2157 e
123 2104 202 2158 simili
220 2121 308 2173 causa,
327 2121 458 2159 concursu
475 2107 556 2157 natus
574 2104 678 2158 eodeni.

124 2180 185 2235 lloe
202 2181 286 2234 etiam
303 2185 385 2251 pacto
405 2179 507 2233 volucri
525 2179 584 2233 loca
600 2178 701 2233 lumine
719 2180 830 2249 tingunt

87 2254 174 2309 nubes
192 2260 220 2311 ct
237 2256 355 2310 tremulo
372 2259 521 2326 tempestas
538 2256 641 2324 impete
659 2256 746 2324 fulgit.

87 2334 185 2384 vontus
202 2332 249 2385 ubi
260 2333 365 2406 ¹invasit
381 2332 482 2386 nubem
500 2336 529 2385 ct
546 2335 669 2386 versatus
686 2333 787 2386 ibidem
903 2349 939 2388 175

87 2405 152 2460 iecit
169 2410 202 2459 ut
219 2411 282 2460 ante
301 2425 394 2462 cavam
413 2407 492 2461 docui
510 2408 672 2477 spissescere
690 2409 798 2476 nubem,
891 2443 893 2446 ⁴

87 2481 240 2535 mobilitate
259 2498 307 2536 sun
324 2484 466 2549 fervescit;
484 2487 517 2536 ut
535 2484 625 2537 omnia
641 2488 717 2539 motu

86 2556 266 2626 percalefacta
284 2557 360 2611 vides
378 2559 529 2626 ardescere,
546 2559 674 2628 plumbea
691 2576 756 2614 rere

85 2632 162 2701 glans
180 2633 262 2686 ctiam
281 2634 360 2701 longo
379 2651 459 2688 cursu
477 2634 612 2688 volvenda
630 2635 764 2704 liquescit.

85 2726 150 2778 crgo
168 2710 286 2763 fervidus
304 2710 347 2763 hie
364 2710 464 2764 nubem
483 2726 545 2764 oum
562 2711 693 2780 perscidit
711 2716 806 2778 atram,
902 2728 941 2770 iso

86 2786 200 2856 dissipat
218 2786 323 2839 ardoris
342 2786 418 2854 quusi
437 2787 557 2854 pervim
577 2803 706 2857 expressa
723 2791 837 2857 repente

85 2864 187 2915 semina
205 2880 274 2932 quae
292 2862 396 2915 faciunt
413 2863 545 2916 nictantia
562 2862 669 2930 fulgura
688 2863 826 2928 llannnae;

85 2936 149 2988 indo
168 2954 248 2991 sonus
266 2938 390 3006 sequitur
408 2937 454 3004 qui
473 2938 579 2991 tardius
597 2939 691 2993 adficit
709 2939 781 2992 auris

77 3027 162 3077 qaam
180 3029 252 3080 quac
266 3014 434 3084 perveniunt
451 3014 590 3067 oculorum
608 3014 644 3067 ad
661 3014 762 3070 liunina
779 3018 880 3071 nostra.

58 3084 172 3141 scilieet
186 3088 243 3144 boe
263 3090 360 3146 densis
378 3091 415 3147 fit
433 3090 555 3148 nubibus
572 3093 604 3144 et
619 3091 702 3143 sunu
715 3091 774 3144 alte
902 3109 944 3156 iss,

42 3159 192 3216 extinctis
209 3165 278 3221 aliis
296 3168 371 3226 alins
393 3187 486 3242 super
505 3170 618 3240 impeto
632 3166 724 3229 miros
