2040 3426
512 111 581 168 ΙΙ[’
927 112 963 169 61

116 213 236 285 percipit
253 213 343 281 adque
360 213 464 280 horror,
482 213 555 282 quod
573 213 614 268 sic
629 215 729 269 natura
747 215 840 269 tua'vi

115 295 174 344 tam
191 290 334 344 manifesta
350 293 448 359 patens
465 305 500 342 ex
518 289 592 344 omni
608 292 689 358 parte
705 293 812 345 retecta
829 292 879 346 est.
940 307 966 346 ao

132 366 134 371 '
151 367 188 420 Et
205 366 331 435 quoniam
350 365 437 430 docui,
454 368 614 419 cunctarum
632 366 745 420 exordia
762 383 854 421 rerum

115 442 207 509 qualia
224 442 279 496 siut
297 443 326 494 et
344 457 426 508 quam
443 441 527 495 variis
542 440 675 495 distantia
692 442 785 495 sonnis

115 521 213 585 sponte
230 533 280 570 sua
297 514 412 570 volitent
425 519 540 580 aeterno
558 517 663 585 percita
681 522 757 570 motu

115 609 203 661 quove
220 591 301 646 modo
318 592 424 660 possint
441 607 488 646 res·
504 608 540 647 ex
556 592 599 646 his
616 609 741 660 quaeque
758 594 854 660 creari,

115 668 196 722 hasce
214 667 364 722 seeundum
381 684 427 722 res
444 667 526 722 animi
543 671 642 722 natura
660 668 770 722 videtur
941 685 965 723 aa

115 748 200 812 atque
216 743 323 798 animae
340 743 469 797 claranda
485 743 554 798 meis
572 744 626 798 iam
643 744 767 798 versibus
785 761 845 798 esso

115 823 145 873 et
162 822 252 873 metus
268 819 315 873 ille
331 819 405 874 foras
421 835 554 889 praeceps
573 820 740 874 Aeheumtis
757 820 890 888 agendus,

114 895 237 949 funditus
254 895 399 949 humanam
417 895 463 963 qui
480 896 565 950 vitam
582 894 678 950 turbat
695 895 731 949 ab
749 895 818 949 imo'

115 971 204 1025 omnia
221 971 379 1026 suffundens
397 972 492 1026 mortis
510 970 621 1040 nigrore
638 988 727 1041 neque
744 972 826 1025 ullam

115 1065 174 1102 esse
191 1048 360 1117 voluptatem
378 1048 508 1116 liquiiam
526 1065 679 1118 puramque
696 1049 834 1118 relinquit.
939 1062 964 1100 eo

115 1141 176 1177 nam
194 1124 268 1192 quod
286 1141 368 1194 saepe
385 1124 507 1178 homines
525 1125 633 1180 morbos
651 1126 739 1194 magis
752 1142 812 1179 esse
826 1124 964 1178 timendos

114 1200 296 1266 infamemque
313 1201 406 1253 serunt
422 1201 506 1253 sitam
524 1217 605 1266 quam
624 1201 738 1254 Tartara
755 1202 802 1255 leti

115 1278 144 1327 et
162 1291 192 1327 se
211 1275 282 1328 seire
302 1275 408 1329 animae
426 1279 552 1328 naturam
570 1277 709 1342 sanguinis
725 1293 785 1336 esse

79 1378 105 1411 ω
115 1353 164 1403 aut
181 1349 264 1403 etiam
284 1350 367 1416 s'errti,
385 1349 408 1402 si
426 1351 484 1403 sert
501 1349 541 1403 ita
558 1350 630 1404 forte
647 1351 779 1419 voluntas,

80 1448 103 1480 u
116 1443 165 1480 nee
182 1441 293 1494 prosum
311 1425 457 1493 quiequam
474 1429 584 1479 nostrae
601 1425 714 1480 rationis
730 1443 819 1495 egere,
939 1441 964 1479 45

115 1503 178 1556 hine
195 1502 260 1555 lieet
277 1501 406 1554 advertas
423 1501 544 1555 animum
561 1502 648 1568 magis
666 1503 757 1556 omnia
773 1502 862 1556 laudis

80 1599 102 1634 n
115 1577 210 1632 iactari
228 1594 309 1631 eausa
326 1593 408 1646 quam
425 1577 500 1645 quod
518 1594 562 1634 res
579 1578 639 1647 ipsa
656 1578 795 1647 probetur.

115 1658 238 1707 extorres
254 1653 327 1707 idem
346 1653 437 1723 patria
453 1654 588 1723 longeque
605 1654 692 1722 fugati

114 1732 262 1799 conspeetu
280 1747 313 1783 ex
331 1729 478 1798 hominum,
495 1730 600 1784 foedati
618 1730 733 1785 erimine
750 1732 834 1801 turpi,

114 1805 238 1860 omnibus
255 1807 391 1860 aerumnis
403 1805 511 1861 ›mreeti
529 1806 646 1874 denique
664 1807 766 1872 vivunt,
939 1822 963 1862 so

114 1885 144 1936 et
160 1898 330 1949 quocumque
348 1885 440 1934 tamen
458 1882 550 1936 miseri
567 1898 666 1936 venere
684 1886 831 1950 parentant

114 1962 143 2011 et
159 1958 250 2025 nigras
268 1961 389 2010 mactant
407 1957 526 2026 pecudes
544 1960 573 2011 et
591 1956 707 2010 menibu’
725 1957 794 2011 divis

113 2033 224 2087 inferias
243 2034 358 2086 mittunt
375 2033 517 2100 multoque
534 2033 562 2085 iu
579 2031 662 2086 rebus
680 2031 787 2086 acerbis

114 2110 203 2164 aerius
221 2108 370 2162 advertunt
387 2108 491 2161 animos
508 2107 545 2160 ad
562 2107 728 2175 religionem.

115 2202 168 2254 quo
186 2184 271 2251 magis
289 2183 316 2236 in
336 2181 425 2236 dubiis
442 2183 579 2237 homiuem
597 2185 723 2251 spectare
740 2183 851 2251 periclis
939 2201 963 2240 ss

29 2248 35 2263 ⁸
114 2260 242 2315 convenit
258 2259 433 2326 adversisque
450 2259 479 2311 in
496 2258 579 2315 rebus
596 2274 709 2312 noscere
727 2258 774 2325 qui
792 2259 843 2324 sit;

95 2330 177 2388 'uam
195 2350 275 2388 verae
292 2350 371 2388 voees
388 2338 447 2387 tum
466 2333 577 2390 demum
594 2337 706 2404 pectore
724 2333 759 2386 ab
777 2333 832 2387 imo

114 2412 250 2466 eiciuntur
267 2417 292 2464 et
309 2411 426 2480 eripitur
442 2428 567 2481 persona,
585 2413 679 2465 manet
695 2427 748 2465 res.

114 2487 231 2555 denique
248 2487 372 2541 avarities
386 2492 420 2542 et
435 2488 568 2543 honorum
586 2503 666 2543 casea
683 2487 784 2558 eupido

114 2580 183 2633 quae
201 2563 313 2617 miseros
331 2564 453 2620 homines
471 2568 573 2632 eogrmt
590 2563 784 2620 transcendere
801 2563 870 2618 fines
939 2580 964 2618 u)

112 2639 180 2693 iuris
198 2640 383 2700 etinterdum
401 2641 488 2696 socios
506 2642 639 2696 scelerum
657 2643 741 2710 atque
758 2639 900 2694 ministros

114 2719 208 2771 noctes
225 2719 307 2785 atque
325 2715 384 2770 dies
401 2717 452 2770 niti
471 2720 629 2785 praestante
646 2716 740 2771 labore

114 2793 149 2846 ad
167 2807 286 2846 summas
305 2807 444 2858 emergere
462 2808 536 2861 opes,
553 2793 620 2846 haee
637 2792 750 2846 vulnera
766 2791 839 2846 vitae

113 2884 166 2921 uon
185 2867 324 2920 minimam
340 2871 449 2935 partem
466 2868 562 2922 mortis
580 2866 725 2921 formidine
742 2866 859 2920 aluntur.

114 2943 205 3012 turpis
223 2943 295 2996 enim
312 2943 398 2996 ferme
415 2947 589 3013 contemptus
607 2946 637 2997 et
653 2942 724 2996 aeris
742 2944 851 3009 egestas
939 2957 968 2993 es

115 3023 219 3072 semota
237 3018 271 3072 ab
290 3018 363 3073 dulei
380 3019 438 3075 vita
456 3019 607 3090 stabiiique
622 3019 757 3075 uitentur

108 3097 139 3146 et
155 3093 234 3160 quasi
250 3094 305 3150 iam
322 3095 376 3152 ieri
395 3101 496 3170 portas
514 3097 680 3157 erinetarier
699 3097 816 3177 ante—,s

98 3167 173 3222 unde
188 3169 318 3229 homines
338 3174 411 3234 dum
430 3195 464 3236 se
482 3179 560 3236 falso
580 3183 704 3237 terrore
723 3170 829 3226 sonata
