2040 3426
52 110 90 168 34
456 108 502 168 ΙΙ·

49 209 201 265 convestire
219 225 267 262 sun
283 206 450 277 perfundens
467 204 556 258 omnia
574 204 641 271 lucc,

49 284 174 340 omnibus
190 285 218 338 in
236 287 367 353 promptu
383 281 611 348 manifestumque
627 295 687 334 esse
704 279 835 336 videmus.

49 365 79 416 at
96 377 180 431 vapor
196 361 220 414 is
237 377 318 429 quem
337 359 376 413 sol
394 357 484 411 mittit
500 356 647 425 lumenque
665 372 789 410 serenum
865 372 902 412 15⁰

48 454 103 492 non
119 454 170 506 per
187 437 266 490 inane
283 440 357 489 meat
374 449 504 499 racuum3
521 449 574 501 quo
592 432 698 486 tardius
714 434 755 488 ire

49 514 163 582 cogitur,
181 513 269 566 aerias
286 511 363 579 quasi
379 511 446 564 dum
463 509 619 563 diverberet
635 510 730 564 undas.

49 606 100 643 nec
118 588 274 656 singillatim
292 587 452 657 corpuscula
470 601 593 654 quaeque
611 587 718 655 vaporis

49 665 99 720 sed
116 664 258 734 complexa
274 667 367 717 meant
383 662 456 716 inter
474 677 504 715 se
522 678 626 730 conque
642 662 768 730 globata;

49 745 217 811 quapropter
234 740 314 794 simul
332 739 404 793 inter
422 754 452 791 se
470 737 648 792 retrahuntur
665 740 695 792 et
711 740 790 792 extra
865 752 902 792 155
956 769 959 775 ·

50 816 210 883 officiuntur,
228 817 269 870 uti
287 819 418 884 cogantur
436 813 543 868 tardius
560 812 607 868 ire.

50 895 79 946 nt
97 909 167 960 qnae
185 895 249 946 sunt
267 891 354 945 solida
370 889 519 960 primordia
536 888 719 958 simplicitate,

50 984 112 1020 cum
129 968 278 1036 perinane
295 968 389 1019 meant
406 980 521 1019 vacuum
538 980 589 1017 nee
606 980 650 1017 res
667 969 822 1019 remoratur

50 1043 105 1095 ulla
121 1042 187 1095 loris
205 1045 289 1110 atque
307 1042 374 1111 ipsa,
392 1040 448 1094 suis
466 1057 482 1094 e
500 1039 625 1108 partibus
643 1056 704 1108 una,

49 1133 133 1171 unum
151 1118 180 1171 in
197 1133 278 1184 quem
296 1133 410 1185 coepere
427 1116 516 1171 locum
534 1116 631 1169 conixa
647 1116 780 1183 iemmtur,
866 1131 902 1169 roo

50 1193 152 1248 debent
171 1194 297 1247 nimirum
315 1193 481 1262 praecellere
498 1192 650 1246 mobilitate

50 1272 79 1323 et
96 1270 183 1324 multo
200 1270 282 1325 citius
299 1270 365 1323 ferri
383 1286 464 1338 quam
481 1269 583 1322 lumina
600 1269 664 1322 solis

50 1345 247 1415 multiplexque
265 1345 317 1399 loci
335 1346 452 1415 spatium
470 1348 656 1399 transcurrere
674 1343 771 1398 codem

49 1423 174 1490 tempore
191 1438 244 1489 quo
261 1421 325 1474 solis
342 1421 502 1489 pervolgant
519 1420 628 1488 fulgura
645 1420 756 1474 caelum,

459 1503 474 1536 a

50 1551 112 1620 [nce
129 1554 279 1621 persectari
296 1553 445 1622 primordia
463 1553 567 1620 singula
584 1570 713 1623 quaeque,
867 1565 903 1605 roe

50 1631 83 1682 ut
100 1629 214 1682 videant
232 1645 285 1696 qua
303 1628 418 1696 quicque
435 1631 548 1695 geratur
565 1644 626 1682 eum
643 1630 756 1684 ratione.

87 1706 128 1756 At
145 1703 257 1771 quidam
275 1706 371 1756 eontra
388 1703 463 1770 haee,
480 1702 568 1770 ignari
586 1706 717 1773 materiai,

32 1781 177 1832 'naturam
194 1795 248 1831 non
266 1795 345 1848 pesse
364 1778 446 1832 deum
466 1778 524 1832 sine
542 1781 652 1834 numine
671 1782 789 1837 credunt

51 1857 129 1907 tanto
147 1870 230 1922 opere
247 1854 372 1908 humanis
390 1854 541 1908 rationibus
559 1855 737 1912 admoderate

50 1932 175 1999 tempora
192 1933 299 1984 mutare
316 1947 447 1985 annorum
465 1931 612 2000 frugesque
624 1949 724 2000 creare,
866 1948 903 1990 170

50 2008 81 2060 et
97 2005 151 2060 iam
169 2010 268 2074 cetera,
287 2006 410 2062 mortalis
428 2023 499 2076 quae
517 2007 615 2062 suadet
632 2008 708 2062 adire

50 2081 163 2151 ipsaque
181 2082 293 2137 deducit
311 2083 368 2137 dux
384 2083 458 2138 vitae
476 2083 523 2137 dia
539 2083 664 2152 voluptas

50 2161 80 2212 et
97 2175 141 2213 res
159 2159 343 2229 perveneris
361 2159 502 2214 blanditur
521 2159 609 2214 saecla
626 2162 786 2229 propagent,

50 2251 85 2288 ne
101 2252 187 2314 genus
204 2237 311 2290 occidat
328 2236 483 2291 humanum.
500 2235 725 2305 querumomnia
742 2251 822 2290 eausa

50 2311 223 2365 constituisse
240 2312 307 2365 deos
324 2329 386 2366 cum
403 2314 516 2380 fingunt,
536 2311 653 2365 onrnibu'
671 2311 752 2366 rebus
865 2324 902 2366 175

50 2403 148 2454 magno
166 2403 249 2454 opere
266 2403 283 2440 a
300 2403 365 2441 vcra
382 2388 451 2456 lapsi
469 2387 573 2440 ratione
590 2386 725 2441 videntur.

50 2478 113 2514 nam
131 2461 253 2528 quamvis
270 2478 363 2515 rerum
380 2463 502 2529 ignorem
519 2461 669 2530 primordia
686 2478 755 2529 quae
773 2462 835 2529 sint,

50 2536 100 2590 hoe
117 2540 209 2590 tamen
228 2553 263 2590 ex
280 2536 347 2606 ipsis
365 2536 432 2589 caeli
449 2536 600 2590 rationibus
617 2537 703 2590 ausim

51 2611 211 2669 confirmare
228 2612 341 2680 aliisque
358 2629 392 2666 cx
410 2612 492 2666 rebus
509 2611 626 2666 reddere
643 2612 743 2680 mollio,

50 2705 221 2758 nequaquam
238 2688 315 2742 nobis
333 2688 462 2744 divinitus
479 2706 539 2745 esse
556 2692 676 2744 creatam
866 2706 903 2746 me

50 2769 177 2820 naturam
194 2765 300 2822 mundi:
320 2772 399 2822 teate
416 2773 471 2822 stat
488 2766 614 2837 praedita
632 2767 718 2836 eulpa,

51 2859 121 2909 quae
139 2843 191 2896 tibi
209 2845 352 2914 posterius,
372 2844 491 2912 Memmi,
510 2845 639 2899 faciemus
657 2846 759 2912 aperta.

51 2937 122 2972 nune
140 2920 170 2973 id
188 2921 262 2989 quod
280 2925 406 2992 superest
423 2921 459 2975 de
477 2922 595 2977 motibus
614 2918 811 2990 expediemus]

80 2995 165 3047 Nunc
173 2995 252 3049 locus
263 3001 313 3066 est,
327 3002 358 3052 ut
371 2998 474 3069 opinor,
487 2998 515 3052 in
526 2998 570 3053 his
581 2997 651 3052 illud
661 3012 769 3065 quoque
780 2995 864 3050 rebus

25 3066 197 3121 confirmare
215 3071 273 3139 aba
293 3073 401 3129 nullam
419 3092 481 3132 rem
499 3092 584 3149 posse
601 3089 654 3132 suu
668 3071 699 3128 vi
874 3083 916 3123 W*

5 3143 176 3198 eomoream
195 3159 315 3205 sursum
332 3151 407 3208 ferri
424 3169 603 3227 sursumque
619 3167 738 3217 meare,
