2040 3426
62 123 99 181 18
483 117 500 174 Ι

60 221 164 277 scilicet
181 236 216 274 ex
234 218 308 272 nulla
324 217 416 273 facore
432 217 463 271 id
480 217 503 272 si
520 219 601 287 purte
618 220 770 286 reparcent,

60 297 166 352 occidet
183 296 221 349 ad
236 294 321 349 nilum
339 294 467 348 nimirum
484 293 608 349 funditus
625 293 709 348 ordor

59 374 146 428 omnis
164 375 193 427 ot
210 388 224 425 e
241 371 296 425 nilo
314 371 383 425 fient
400 387 588 441 quoecumque
606 372 740 425 creantur.

59 465 123 502 nem
141 448 332 517 quodcumque
350 447 406 501 suis
423 450 561 501 mutatum
579 446 677 501 finibus
696 446 761 514 exit,
877 461 916 503 uro

58 525 186 578 contiuuo
204 524 255 577 hoc
272 539 346 577 mors
360 527 407 578 ,666
424 523 497 576 illius
515 521 590 591 quod
608 522 661 575 suit
678 525 751 578 ante.

58 600 173 669 proinde
190 599 288 668 aliquit
306 615 435 669 superero
452 615 562 653 neeesse
580 603 623 652 est
641 599 775 653 incolume
793 599 861 669 ollis,

58 692 93 730 no
111 676 163 731 tibi
181 693 225 730 res
244 675 359 730 redeant
376 675 413 729 ed
430 675 515 728 nilum
533 674 658 729 funditus
676 691 769 729 omnes

58 751 94 806 de
112 752 222 821 niloque
240 756 336 806 uenatu
353 751 474 819 rigescat
492 751 569 819 copia
586 767 686 805 rerum.

57 844 129 882 nune
145 829 230 896 igitur
247 827 375 897 quoniam
393 827 544 881 certissima
561 842 675 896 corpora
691 825 827 895 quaedam
877 841 915 882 666

58 908 122 957 6666
140 920 211 972 quae
228 907 389 957 conservent
407 906 534 956 naturum
551 918 660 971 semper
677 903 801 971 candem,

57 995 173 1046 quorum
191 978 268 1032 obitu
285 981 334 1032 eut
351 976 429 1032 aciitu
445 982 606 1046 mutatoque
624 979 720 1033 ordino
736 982 845 1034 mutant

58 1059 184 1108 naturam
202 1070 247 1107 res
265 1057 295 1108 et
312 1058 476 1108 convertunt
494 1070 608 1122 corpora
625 1071 692 1121 sese,

58 1130 127 1183 sciro
145 1130 209 1185 licet
226 1145 282 1183 non
300 1145 360 1184 6666
379 1129 446 1183 hece
462 1129 543 1198 igncn
561 1146 675 1199 corpora
693 1147 794 1185 rerum.

58 1205 95 1262 nil
114 1205 230 1260 resonet
248 1205 320 1260 enirn
338 1205 473 1273 quaedam
491 1205 633 1274 decedere,
651 1207 736 1275 ubire,
843 1221 847 1230 ·
872 1221 911 1261 666

57 1285 142 1352 noluo
159 1281 213 1336 elia
230 1281 360 1349 adtribui,
378 1282 534 1351 mutarique
552 1282 649 1336 ordine
667 1282 809 1352 quendam,

57 1358 81 1412 si
100 1364 192 1412 tamen
209 1358 316 1412 ardoris
333 1361 461 1412 naturum
479 1365 576 1413 cuncta
593 1362 735 1425 tenerent3

56 1434 127 1502 ignis
146 1435 219 1488 enirn
236 1435 308 1488 foret
326 1435 488 1488 omnimodis
506 1434 697 1503 quodcumque
714 1436 848 1488 crearent.

55 1525 158 1577 666666,
169 1514 202 1564 66
213 1511 314 1576 opinor,
326 1510 406 1563 itast:
419 1515 482 1563 sunt
495 1508 628 1578 quaedum
640 1525 755 1578 corpore
765 1526 880 1578 quorum

57 1600 203 1638 concursus
220 1588 311 1637 motus
330 1583 397 1637 ordo
416 1583 539 1652 positura
557 1584 660 1652 figurae
875 1600 913 1638 666

58 1659 178 1714 officiunt
196 1659 273 1727 ignis,
291 1662 453 1727 mututoquo
471 1659 568 1713 ordino
585 1663 693 1715 mutant

58 1738 183 1788 nutnnun
201 1750 291 1802 neque
310 1739 375 1788 6666
392 1734 448 1802 igni
467 1735 593 1789 simulato
610 1753 700 1807 neque
718 1737 766 1792 ulli

56 1815 199 1879 praeterea
216 1811 256 1864 rei
274 1825 344 1878 queo
362 1825 476 1880 corpore
492 1811 605 1866 mittero
622 1814 709 1880 possit

56 1885 180 1940 sensibus
197 1889 226 1940 66
243 1888 351 1939 6666666
369 1885 479 1941 adiectu
496 1890 610 1955 tangere
629 1892 727 1942 taetus.

70 1995 72 1999 -
92 1961 190 2016 lucere
207 1978 289 2031 porro
306 1961 399 2030 iguem
416 1978 461 2017 666
479 1964 567 2019 omnis
584 1981 645 2020 6666
662 1981 752 2033 nequo
768 1964 851 2017 uilem
875 1979 913 2018 noo

57 2054 114 2091 rein
132 2054 224 2092 veram
241 2038 269 2092 in
287 2054 400 2093 numero
418 2055 511 2096 rerum
528 2047 653 2096 eonstnro
670 2041 722 2095 nisi
739 2040 837 2108 ignem,

57 2114 131 2182 quod
148 2115 213 2169 inuit
232 2114 275 2169 hio
293 2114 374 2182 idem,
392 2116 559 2185 perdelirum
577 2134 638 2172 6666
655 2117 784 2172 videtur:

57 2207 118 2246 nem
137 2194 231 2247 eontra
249 2207 344 2246 666666
362 2191 397 2246 ab
416 2192 539 2247 sensibus
557 2193 616 2262 ipsc
635 2196 769 2262 repugnat

57 2273 86 2321 66
104 2267 323 2336 labefactamus,
342 2269 415 2323 undo
434 2271 524 2324 omnin
541 2269 648 2324 credita
666 2269 795 2338 pendent,

57 2343 130 2397 undo
148 2344 191 2397 nic
208 2345 333 2412 cognitus
350 2349 393 2398 cst
411 2345 464 2413 ipsi
482 2362 565 2414 quern
583 2346 705 2399 nominat
722 2345 819 2412 ignem.
874 2358 911 2397 666

57 2419 145 2472 crodit
163 2419 236 2472 enim
254 2435 350 2472 666666
368 2421 458 2486 ignem
477 2436 640 2488 cognoscere
658 2436 731 2484 vere,

56 2498 149 2547 cetera
167 2510 220 2546 non
238 2493 333 2559 credit,
353 2509 424 2562 queo
441 2494 497 2547 nilo
515 2495 587 2548 clara
604 2495 694 2547 minus
712 2497 784 2547 6666,

56 2569 131 2638 qnod
149 2567 216 2622 mihi
232 2583 294 2622 oum
312 2583 411 2622 vnnnnr
429 2570 489 2622 tum
507 2567 623 2622 delirum
641 2584 702 2622 6666
720 2569 836 2622 videtur.

57 2661 111 2714 quo
129 2645 279 2700 referemus
296 2642 386 2698 enimi
405 2643 474 2713 quid
491 2643 569 2699 nobis
586 2643 688 2699 eortius
706 2644 773 2713 ipsis

56 2723 180 2776 sensibus
198 2736 258 2775 6666
275 2722 375 2789 potest,
393 2719 441 2790 qni
458 2737 524 2776 vera
540 2736 572 2775 ee
589 2720 657 2776 feisa
674 2721 817 2776 notemus?
875 2737 912 2796 roo

56 2804 200 2868 praetcrea
218 2814 302 2868 quare
320 2797 465 2867 quisquam
482 2797 570 2866 magis
587 2799 675 2852 omnia
693 2798 773 2853 tollat

57 2879 86 2930 66
103 2877 169 2930 velit
187 2875 292 2929 ardoris
311 2879 437 2928 naturum
454 2873 578 2944 linquere
596 2875 687 2943 soloin,

57 2966 138 3018 qunnr
156 2954 240 3018 neget
257 2967 316 3005 esse
335 2951 412 3019 ignis,
430 2951 545 3025 quidvis
562 2953 654 3004 tannen
671 2967 731 3005 esse
748 2949 902 3017 relinqunti

51 3042 141 3092 nequo
161 3025 272 3080 videtur
288 3026 360 3081 eninr
380 3026 521 3083 dementia
538 3026 630 3082 dicere
647 3029 804 3092 utrumque.

22 3163 30 3175 ι
72 3099 255 3169 Quapropter·
270 3104 322 3172 qui
339 3106 492 3162 innteriem
509 3119 607 3160 rerum
624 3117 687 3156 esse
702 3101 843 3169 nuturunt
887 3109 928 3148 uos

12 3178 112 3226 1871666
131 3178 226 3243 ntqnc
245 3196 281 3234 ex
301 3181 364 3251 igni
384 3199 533 3239 summam
551 3177 712 3234 consistere
727 3189 825 3242 posse,
