2040 3426
492 123 541 180 VI
895 121 951 180 185

97 244 168 298 quae
185 243 336 283 memorare
353 243 452 296 queam
468 227 543 282 inter
560 244 590 283 se
607 227 762 296 singlariter
779 228 852 298 apta

97 321 164 359 saxa
181 305 257 359 vides
275 305 394 375 primum
412 304 470 357 sola
487 304 622 358 colescere
639 303 720 359 calce.

97 381 203 449 glutine
220 381 349 435 materies
366 380 473 434 manno
490 379 614 447 iungitur
630 397 693 448 uno,

97 460 130 510 ut
146 457 213 512 uitio
232 473 318 511 venae
335 456 490 511 tabularum
508 457 618 526 saepius
634 457 742 512 hiscant
904 470 952 509 roro

98 552 180 604 quam
197 534 290 588 laxare
308 540 409 602 queant
427 552 571 606 compages
587 541 684 592 taurea
701 534 796 590 uincla

97 611 210 679 vitigeni
227 609 321 666 latices
339 611 422 680 aqiiai
439 612 561 667 lontibus
578 613 681 666 audent

97 687 213 755 misceri,
231 703 293 740 cum
311 688 358 757 pix
375 692 495 756 nequeat
511 689 603 756 gravis
620 692 650 743 et
666 689 726 742 leve
743 686 849 740 clivom.

96 780 306 834 purpureusque
323 763 396 818 colos
413 764 534 833 conchyli
550 765 674 834 iungitur
689 781 745 818 uno
788 785 790 792 ·

97 856 211 909 corpore
222 857 285 894 cum
297 841 382 908 lanae,
395 840 487 895 dirimi
498 840 546 909 qui
557 857 612 895 non
624 845 707 910 queat
718 855 842 910 usquam,
905 850 953 893 107⁵

97 932 151 969 non
169 916 192 969 si
210 917 334 986 Neptuni
352 918 437 973 fluctu
454 933 587 972 renovare
604 935 715 987 operam
734 917 791 984 dos,

97 1008 158 1058 non,
175 1009 251 1047 mare
269 993 293 1046 si
311 996 400 1049 totum
418 995 486 1050 velit
503 994 597 1050 eluere
614 995 739 1049 omnibus
756 991 846 1046 undis.

98 1067 216 1138 denique
233 1086 287 1124 uon
303 1087 370 1124 auro
387 1087 432 1126 res
450 1088 548 1125 aurum
564 1071 676 1141 copulat
693 1087 747 1124 una

97 1145 208 1213 aerique
225 1160 272 1199 aes
289 1146 401 1215 plumbo
418 1147 452 1200 fit
468 1148 510 1200 uti
526 1149 658 1216 iungatur
675 1145 710 1200 ab
728 1145 808 1201 albo?

97 1223 189 1275 cetera
206 1221 261 1274 iam
278 1237 361 1290 quam
377 1223 464 1276 multa
480 1223 546 1277 licet
562 1224 697 1291 reperire!
717 1222 784 1290 quid
801 1220 885 1288 ergol
905 1232 954 1272 loeo

97 1313 149 1350 noc
166 1297 218 1351 tibi
235 1301 294 1350 tam
311 1297 400 1365 longis
417 1313 486 1366 opus
504 1301 547 1352 cst
564 1298 723 1366 ambagibus
740 1313 863 1364 usquam,

97 1388 148 1426 nec
164 1389 209 1426 me
227 1376 284 1426 tam
302 1374 416 1427 multam
433 1373 478 1428 hic
495 1389 606 1441 operam
624 1389 784 1428 consumere
800 1389 852 1441 par
868 1375 920 1438 cst,

98 1448 148 1501 sed
164 1447 285 1502 breviter
302 1449 396 1517 paucis
413 1452 538 1518 praestat
555 1450 752 1519 comprendere
769 1448 863 1502 multa

98 1540 214 1591 quorum
232 1525 272 1579 ita
289 1525 594 1585 texturaecccidcrunt
611 1529 707 1580 mutua
723 1527 827 1590 contra,

97 1604 130 1654 ut
148 1617 214 1654 cava
231 1601 393 1656 conueniant
410 1601 499 1672 plenis
515 1601 583 1657 haec
601 1602 673 1656 illius
690 1603 737 1657 illa
767 1635 770 1654 2
797 1615 807 1636 ⁰
905 1613 954 1654 roas

96 1674 232 1746 huiusque
248 1677 322 1732 inter
339 1693 376 1746 se,
394 1679 521 1744 iunctura
538 1678 605 1733 haec
623 1679 727 1747 optima
744 1680 859 1734 constat.
886 1684 889 1727 i

97 1756 140 1807 est
159 1754 250 1822 etiam,
269 1755 397 1824 quasiut
413 1754 510 1810 anellis
526 1755 671 1824 hamisque
687 1756 789 1825 plicata

96 1829 171 1883 inter
188 1847 219 1884 se
237 1831 496 1901 quaedampossiut
512 1832 620 1900 coplata
636 1832 739 1896 teneri;

99 1906 173 1973 quod
191 1907 278 1975 magis
294 1908 324 1961 iu
340 1907 433 1976 lapide
450 1906 503 1959 lroc
519 1906 579 1959 fieri
596 1906 726 1974 ferroque
743 1905 859 1959 videtur.

135 1982 160 2034 N
162 1998 214 2034 unc
231 1981 303 2035 ratio
320 1997 390 2049 quac
407 1981 444 2034 sit
460 1979 564 2033 morbis
581 1984 630 2034 aut
646 1980 720 2033 uude
738 1983 853 2047 repente
906 1994 954 2034 losa

99 2057 269 2111 mortiferam
285 2056 374 2125 possit
390 2055 496 2109 cladem
514 2055 631 2109 conflare
648 2058 743 2110 coorta
826 2104 829 2108 .

99 2132 226 2187 morbida
242 2132 284 2187 uis
301 2131 441 2186 hominum
457 2132 552 2200 generi
568 2132 759 2201 pecudumque
776 2132 901 2199 catervis,

100 2209 252 2278 expediam.
269 2208 387 2276 primum
404 2207 552 2262 multarum
570 2209 674 2262 semina
690 2222 783 2262 rerum

101 2301 162 2339 esse
180 2301 262 2353 supra
280 2285 362 2338 docui
380 2299 450 2352 quae
467 2283 523 2338 sint
540 2283 634 2338 vitalia
651 2283 755 2351 nobis.

101 2364 130 2416 ct
148 2364 244 2415 contra
260 2377 331 2429 quac
348 2360 404 2415 sint
421 2359 516 2414 morbo
533 2360 670 2428 mortique
687 2364 826 2414 necessest
909 2375 954 2414 roas

101 2438 188 2492 multa
205 2438 304 2492 volare.
322 2454 356 2492 ca
373 2454 435 2491 cum
452 2452 518 2491 casu
535 2440 599 2491 sunt
615 2437 688 2492 forto
705 2439 798 2491 coorta

100 2517 131 2568 et
147 2513 346 2582 perturbarunt
362 2513 475 2582 caelum,
492 2513 525 2567 fit
543 2512 684 2568 morbidus
702 2530 757 2568 aar.

101 2594 184 2660 atque
202 2607 235 2645 ea
252 2591 294 2645 vis
310 2591 397 2645 omnis
414 2590 571 2645 morborum
588 2591 780 2660 pestilitasque

100 2670 149 2721 aut
167 2667 337 2727 extrinsecus
356 2671 386 2721 ut
403 2667 489 2722 nubes
506 2667 676 2738 nebulaeque
694 2684 812 2735 superne

101 2761 152 2814 per
168 2744 273 2799 caelum
291 2744 412 2812 veniunt,
429 2746 478 2798 aut
494 2744 554 2814 ipsa
571 2760 653 2814 saepe
670 2747 779 2799 coortae
908 2759 956 2798 nos

102 2819 230 2875 deterre
248 2824 371 2890 surgunt,
389 2820 437 2875 ubi
454 2824 581 2890 putorem
599 2820 697 2874 umida
709 2823 817 2875 nactast

101 2897 302 2966 intempestivis
319 2896 470 2966 pluviisque
488 2900 517 2952 et
534 2897 636 2951 solibus
653 2897 716 2950 icta

103 2989 192 3027 noune
209 2973 286 3028 vides
304 2974 388 3028 ctiam
406 2973 473 3028 caeli
490 2974 611 3028 novitate
629 2975 659 3026 ct
676 2986 807 3040 aquarum

102 3051 232 3119 temptari
249 3050 344 3120 procul
361 3067 379 3104 a
395 3050 488 3121 patria
505 3049 677 3120 quicumque
693 3047 840 3109 domosque

96 3125 248 3181 adveniunt
263 3129 329 3187 ideo
349 3128 419 3200 quia
434 3127 525 3199 longo
542 3124 742 3194 discrepitant
754 3116 831 3170 rost

81 3215 151 3314 snam
171 3202 241 3272 quid
262 3207 415 3265 Brittanni
435 3207 554 3266 caelum
573 3203 702 3260 disens
716 3195 883 3267 patemus,
951 3202 960 3223 ,-
