2040 3426
86 116 143 174 142
493 110 525 168 V

84 235 120 274 ex
137 217 246 287 alioque
264 216 333 272 alius
351 218 442 272 status
459 216 587 286 excipere
604 215 696 270 omnia
712 216 804 287 debet,
851 260 862 281 .

84 311 135 350 nee
152 297 245 348 manet
262 293 318 346 ulla
335 292 377 347 sui
395 292 490 346 similis
507 308 566 347 res:
584 292 675 346 omnia
692 293 820 362 migrant,
899 309 938 364 mo

85 370 175 424 omnia
192 371 342 423 commutat
359 372 458 422 natura
476 371 505 423 et
522 371 631 422 vertere
648 368 728 436 cogit.

84 462 202 513 namque
220 444 288 498 aliut
305 443 439 513 putrescit
457 447 487 499 et
503 460 569 498 aevo
588 443 679 498 debile
697 445 817 512 languet,

84 537 167 590 porro
184 520 253 574 aliut
271 520 397 574 clarescit
414 523 444 574 et
461 536 476 573 e
493 519 696 588 contemptibus
713 521 778 575 exit.

85 597 124 651 sic
141 596 227 666 igitur
243 596 338 649 mundi
355 597 482 649 naturam
503 594 588 649 totius
605 597 681 649 aetas

85 675 175 727 mutat
192 675 222 727 et
238 687 274 726 ex
291 671 344 725 alio
362 673 467 725 terram
485 673 574 725 status
591 670 694 740 excipit
712 671 789 740 alter,
900 688 938 727 aas

86 748 159 817 quod
177 747 301 817 pote-uti
318 748 446 820 nequeat,
462 746 549 815 possit
567 746 712 815 quodnon
729 747 795 802 tulit
811 751 882 803 ante.

120 823 264 893 Multaque
280 826 340 877 tum
357 822 440 876 telius
450 822 540 877 'ctiam
558 825 687 891 portenta
704 839 798 878 creare

85 902 210 954 conatast
226 899 296 953 mira
313 898 382 952 facio
399 895 584 967 membrisque
602 902 702 965 coorta,

86 974 473 1044 androgynuminterutraque
480 991 530 1028 nec
537 975 783 1042 utrumcumque
791 980 937 1046 remotum,

85 1050 153 1104 orba
170 1050 272 1120 pedum
289 1049 398 1117 partim,
416 1066 545 1102 manuum
564 1048 676 1103 viduata
692 1049 818 1119 vicissim,
899 1067 937 1106 sio

85 1130 163 1180 muta
180 1125 238 1179 sine
255 1141 303 1178 ore
320 1124 410 1189 ctiam,
429 1124 487 1178 sine
504 1125 580 1178 voltu
597 1141 678 1178 caeca
695 1130 814 1195 reperta

85 1203 230 1271 vinctaque
247 1200 433 1275 membrorum
449 1217 501 1270 per
517 1197 614 1254 totum¹
625 1217 723 1270 corpus
741 1202 870 1270 adhaesu,

85 1294 136 1332 nec
152 1279 242 1333 facere
258 1279 292 1331 ut
308 1280 421 1346 possent
438 1278 585 1354 quicquam
602 1293 653 1332 uec
671 1277 770 1332 cedere
788 1295 924 1347 quoquam

84 1372 135 1409 nec
152 1355 240 1410 vitare
258 1354 360 1408 malum
377 1370 428 1408 nec
446 1370 553 1408 sumere
571 1353 646 1422 quod
663 1353 736 1409 foret
752 1370 825 1408 usus.
864 1410 867 1413 ,

85 1435 178 1486 cetera
189 1431 225 1485 de
236 1446 337 1498 genere
348 1429 400 1484 hoc
412 1432 534 1484 monstra
545 1445 577 1483 ae
588 1432 717 1498 portenta
728 1429 846 1498 creabat,
898 1445 936 1484 aa

84 1507 257 1575 nequiquam,
275 1505 403 1576 quoniam
419 1504 685 1559 natura'absterruit
702 1503 814 1560 auctum

86 1599 136 1637 nec
153 1586 269 1652 potuere
287 1582 410 1652 cupitum
427 1580 526 1655 aetatis
542 1583 657 1648 tangere
674 1581 769 1635 florem

86 1674 135 1712 nec
153 1657 275 1726 reperire
292 1656 382 1710 cibum
399 1672 450 1709 nec
468 1655 544 1723 iungi
561 1671 612 1723 per
629 1655 748 1711 Veneris
765 1673 817 1711 res

85 1733 172 1786 multa
188 1732 312 1785 videmus
330 1731 402 1784 enim
419 1730 502 1784 rebus
519 1747 681 1786 concurrere
699 1732 807 1800 debere,

84 1811 116 1860 ut
133 1806 308 1876 propagando
326 1806 432 1875 possint
448 1806 601 1875 procudere
619 1807 721 1873 saecla;
898 1823 936 1862 sco

83 1882 185 1953 pabula
201 1883 320 1953 primum
336 1885 370 1936 ut
387 1882 449 1950 sint,
466 1881 596 1950 genitalia
614 1882 713 1937 deinde
730 1900 781 1952 per
798 1887 875 1937 artus

84 1959 188 2014 semina
205 1975 260 2029 qua
275 1959 381 2028 possint
397 1957 526 2012 membris
543 1973 654 2012 manare
672 1959 799 2024 remissa3

84 2035 239 2105 feminaque
255 2036 288 2089 nt
306 2034 426 2089 maribus
443 2034 568 2104 coniungi
585 2035 679 2105 possit,
697 2034 800 2106 habere

84 2115 181 2166 mutua
198 2111 246 2180 qui
263 2114 372 2166 mutent
388 2111 461 2166 inter
479 2127 508 2164 sc
519 2111 626 2179 'gaudia
643 2114 768 2179 uterque.

119 2187 262 2257 Multaque
268 2191 328 2242 tum
334 2187 470 2241 interiisse
477 2186 645 2241 animantum
652 2187 740 2241 saecla
748 2191 887 2242 necessest
898 2201 935 2241 ess

84 2280 135 2319 nec
151 2264 272 2333 potuisse
289 2264 465 2332 propagando
483 2261 635 2332 procudere
652 2263 766 2334 prolem.

84 2357 148 2394 nam
166 2355 351 2408 quaecumque
368 2337 445 2392 vides
462 2339 535 2392 vesci
552 2338 680 2393 vitalibus
697 2339 778 2407 auris,

83 2419 132 2470 aut
149 2415 228 2468 dolus
246 2416 294 2466 aut
310 2413 398 2467 virtus
415 2417 464 2468 cut
481 2415 600 2484 denique
616 2415 753 2468 mobilitas
770 2417 815 2469 est

83 2509 118 2546 cx
135 2491 246 2544 ineunte
263 2504 330 2542 aevo
347 2503 433 2556 genus
449 2489 480 2542 id
496 2492 587 2542 tutata
604 2505 752 2543 reservans.

84 2566 225 2634 multaque
242 2566 314 2632 sunt,
331 2563 408 2616 nobis
425 2579 460 2617 ex
477 2563 597 2616 utilitate
614 2579 664 2617 sua
680 2580 750 2632 quac
898 2579 945 2631 eoo

85 2640 276 2698 commendata
291 2641 410 2706 manent,
428 2638 532 2693 tutelae
544 2638 653 2693 tradita
669 2643 786 2695 nostrae.

83 2717 216 2790 principio
233 2732 320 2786 genus
337 2731 400 2769 aere
417 2715 525 2769 leonum
543 2731 677 2784 saevaque
695 2717 785 2771 saecla

84 2797 202 2850 tutatast
219 2793 314 2860 virtus,
332 2792 425 2861 volpes
443 2790 521 2844 dolus
539 2795 568 2846 et
584 2792 650 2861 fuga
666 2808 769 2847 cervos.

84 2874 115 2926 at
131 2871 278 2924 levisomna
295 2885 391 2924 canum
409 2866 466 2920 fido
483 2883 544 2921 cum
562 2871 675 2937 pectore
693 2869 777 2923 corda

81 2951 112 3000 et
125 2963 215 3013 genus
232 2963 312 3000 omne
329 2943 402 3014 quod
420 2947 463 2998 cst
480 2944 601 2998 veterino
619 2945 720 2998 semine
737 2948 847 3014 partum
898 2958 936 2998 sos

63 3020 270 3089 lamgreraeque
287 3021 371 3076 simul
389 3019 513 3093 pecudes
530 3023 560 3076 et
576 3020 677 3075 bucera
694 3019 783 3074 saecla

49 3093 149 3144 omnia
166 3100 239 3151 sunt
256 3098 408 3156 bominum
426 3099 538 3156 tutelae
553 3097 670 3167 trama,
681 3094 808 3150 blemmn

31 3171 105 3215 ”⁸111
124 3170 240 3238 cupido
258 3175 369 3244 fugere
384 3177 468 3236 feras
485 3191 649 3252 paremque
664 3173 767 3230 secuta
