2040 3426
110 226 164 279 quo
182 209 270 264 minus
287 210 330 263 est
348 208 447 261 mirum
465 207 488 260 si
505 209 583 261 certo
600 209 724 277 temporo
740 209 805 264 luna

108 286 232 355 gignitur
249 289 278 339 et
296 287 372 338 certo
391 283 500 337 deletur
517 287 641 352 tempore
659 301 745 353 rusus,

109 378 171 415 cum
189 361 248 415 fieri
266 361 370 428 possint
388 363 445 413 tam
462 362 537 413 certe
556 354 679 428 tenipore
697 361 790 416 multa
925 374 962 416 rso

145 437 221 491 Solis'
231 437 299 489 item
317 430 425 505 quoque
443 435 567 489 defectus
585 436 720 504 lunaeque
738 437 857 492 latebras

109 513 232 581 pluribus
249 529 265 566 e
283 512 371 566 causis
388 511 448 565 fieri
466 511 517 565 tibi
534 527 614 578 posse
631 513 818 580 putandumst.

109 605 173 642 nam
190 605 239 642 cur
256 588 320 641 luna
338 589 421 656 queat
438 590 541 641 terram
560 587 700 642 secludere
719 589 782 642 solis

107 663 209 718 lumino
227 665 256 718 et
273 679 290 717 a
307 663 390 717 terris
406 663 492 716 altum
509 666 591 729 caput
609 662 752 718 obstruere
770 665 803 730 ci,

108 739 229 793 obiciens
247 754 358 793 caecum
376 738 460 792 radiis
478 738 638 793 ardentibus
656 740 766 804 orbem;
923 753 960 793 ⁷55

109 817 233 882 tempore
251 813 347 868 eodem
365 813 434 867 aliut
450 813 540 868 facere
552 814 582 868 id
598 831 653 868 non
670 831 750 884 posse
768 813 883 883 putetur

109 906 206 958 corpus
224 889 298 958 quod
315 906 420 943 cassum
437 890 546 943 labatur
563 890 665 944 lumine
682 893 805 959 semperl
865 929 868 933 -

109 964 202 1033 solque
220 981 284 1019 suos
302 965 384 1018 etiam
402 965 542 1019 dimittere
561 965 706 1034 languidus
724 966 794 1034 ignis

109 1043 233 1107 tempore
251 1057 299 1094 cur
316 1043 391 1094 certo
408 1046 528 1108 nequeat
545 1057 725 1109 recreareque
742 1042 842 1111 lumen,
867 1087 874 1103 .

108 1132 169 1169 eum
186 1115 246 1169 loca
262 1115 408 1184 praeteriit
424 1115 540 1168 flammis
558 1116 658 1171 infesta
675 1134 725 1186 per
742 1134 830 1185 auras,
924 1131 962 1172 700

108 1207 178 1260 quae
195 1191 298 1244 faciunt
315 1190 387 1259 ignis
404 1191 578 1259 interstingui
595 1196 679 1262 atque
697 1193 807 1262 periret

109 1269 139 1320 et
156 1284 205 1321 cur
222 1270 296 1321 terra
314 1270 398 1335 queat
415 1267 507 1320 lunam
525 1267 641 1336 spoliare
659 1269 776 1323 vicissim

107 1343 208 1398 lumine
226 1347 256 1398 et
272 1360 432 1413 oppressum
449 1343 534 1398 solem
552 1360 635 1414 super
650 1345 710 1413 ipsa
727 1348 830 1413 tenero,

111 1423 249 1474 menstrua
267 1419 332 1473 dum
350 1419 453 1488 rigidas
469 1420 530 1474 coni
547 1420 700 1488 perlabitur
717 1421 843 1486 umbras3

109 1498 233 1563 tempore
252 1495 349 1550 eodem
366 1495 435 1550 aliut
452 1498 572 1564 nequeat
589 1512 748 1550 succurrere
765 1497 846 1549 lunae
924 1511 961 1552 707

110 1587 209 1639 eorpus
227 1570 270 1625 vel
289 1588 371 1640 supra
389 1572 453 1625 solis
470 1570 605 1637 perlabier
622 1571 724 1639 orbem,

110 1645 184 1712 quod
202 1647 293 1699 radios
311 1646 492 1714 interrumpat
511 1646 656 1714 lumenque
674 1647 834 1717 profusum?

109 1724 248 1774 ettamen
267 1721 326 1789 ipsa
344 1737 392 1774 suo
410 1722 433 1774 si
451 1721 539 1788 fulget
555 1721 620 1775 luna
638 1723 734 1791 nitore,

109 1812 158 1850 cur
174 1799 292 1864 nequeat
309 1800 385 1850 certa
401 1796 496 1851 mundi
513 1797 689 1864 languescere
706 1804 794 1868 parto,

109 1872 175 1926 dum
193 1872 252 1926 loca
269 1871 416 1926 luminibus
433 1872 551 1942 propriis
569 1873 678 1927 inimica
694 1892 745 1942 per
763 1877 837 1930 exiti
923 1890 960 1932 770

145 1948 224 2013 Quod
242 1951 375 2018 superest,
394 1950 519 2018 quoniam
537 1949 628 2018 magni
645 1967 695 2019 per
712 1953 820 2006 caerula
837 1954 933 2006 mundi

109 2041 165 2094 qua
182 2024 242 2079 ficri
260 2025 392 2094 quioquid
409 2030 501 2096 posset
518 2025 624 2080 ratione
642 2028 748 2096 resolvi,

109 2101 172 2154 solis
189 2101 231 2155 uti
250 2101 339 2155 varios
357 2119 452 2156 cursus
469 2103 603 2171 lunaeque
620 2106 727 2156 meatus

108 2193 221 2231 noscero
238 2193 379 2245 possemus
397 2194 467 2247 quae
485 2177 526 2232 vis
544 2181 573 2232 et
590 2194 672 2232 causa
690 2178 785 2246 cieret,
924 2195 960 2237 775

109 2270 199 2321 quove
215 2253 296 2307 modo
311 2260 424 2321 possent
441 2255 539 2308 offecto
557 2255 657 2308 lumine
676 2253 751 2309 obire

110 2331 139 2382 ct
156 2345 246 2398 nequo
262 2330 399 2399 opinantis
416 2331 539 2384 tenebris
556 2331 693 2386 obducere
711 2334 807 2399 terras,

110 2421 171 2458 cum
190 2405 266 2472 quasi
285 2405 411 2459 conivent
428 2408 458 2458 et
475 2410 571 2474 aperto
588 2407 689 2461 lumine
707 2423 816 2460 rursum

109 2479 200 2533 omnia
217 2479 359 2534 convisunt
376 2479 450 2533 clara
466 2479 526 2533 loca
543 2480 659 2534 candida
676 2482 744 2548 luce,

110 2571 181 2608 nune
198 2553 281 2606 redeo
299 2553 334 2606 ad
351 2554 446 2608 mundi
463 2555 613 2608 novitatem
631 2559 661 2609 et
678 2557 770 2610 mollia
788 2560 880 2612 terrae
922 2575 959 2616 700

109 2646 182 2698 arva,
199 2645 268 2683 novo
285 2629 345 2684 fetu
362 2630 429 2697 quid
446 2630 565 2698 primum
582 2631 609 2684 in
627 2631 735 2686 luminis
753 2650 815 2688 oras

109 2707 207 2762 tollere
225 2709 255 2760 et
272 2706 382 2760 incertis
400 2706 504 2760 crerint
522 2707 693 2763 committere
710 2711 806 2765 ventis.

146 2782 283 2851 Principio
300 2799 387 2850 genus
403 2782 551 2837 herbarum
567 2783 736 2855 viridemque
754 2787 871 2841 nitorem

109 2861 185 2913 terra
202 2859 282 2913 dedit
300 2860 400 2913 circius
418 2860 494 2914 collis
512 2877 674 2930 camposque
691 2879 741 2931 per
759 2863 853 2929 omnis,

110 2930 358 2990 florida'fulserunt
374 2936 504 2991 viridanti
520 2940 601 3005 prata
618 2937 714 3006 colore,
922 2954 959 2994 700

94 3010 304 3080 arboribusque
322 3011 446 3068 datumst
463 3013 544 3067 variis
562 3013 661 3067 exinde
678 3030 728 3081 per
745 3030 824 3067 auras

78 3087 235 3141 crescendi
249 3105 387 3160 magnum
405 3091 533 3156 inmissis,
546 3093 689 3147 certamen
701 3088 827 3145 babonis.

59 3152 100 3202 ¹¹²5
112 3156 222 3223 Pluma
238 3167 335 3236 atquo
352 3170 408 3241 pili
425 3170 560 3244 primum
578 3170 733 3238 saetaeque
750 3168 880 3221 creantur
