2040 3426
477 115 507 168 V

74 236 128 274 non
145 218 215 273 altas
231 217 316 273 turris
333 232 415 270 ruere
432 219 461 270 et
478 221 638 284 putrescere
655 233 730 282 saxa,

74 312 128 349 non
147 294 262 349 delubra
279 292 361 346 deum
380 293 578 362 simulacraque
595 293 667 347 fessa
683 291 782 361 fatisci,

73 387 125 425 nec
143 374 265 424 sanctum
283 385 383 422 numen
400 368 450 421 lati
466 368 615 436 protollere
631 369 694 423 finis

73 463 153 514 posse
171 463 260 514 neque
279 445 409 505 adsersus
427 449 542 499 naturae
559 444 670 499 foedera
688 445 757 499 nitil
885 460 922 500 sre

74 522 193 590 denique
210 539 264 574 non
282 522 449 575 monimenta
466 521 554 575 virum
573 519 677 590 dilapsa
693 521 825 588 ridemus,

74 615 192 666 aeraque
208 614 342 666 proporro
360 597 532 667 solidumque
550 614 691 652 senescere
701 598 831 664 serrum,

73 690 129 727 non
146 690 226 727 ruere
243 673 348 727 avolsos
365 667 455 726 'silices
472 690 489 728 a
506 674 645 728 montibus
662 673 727 727 altis

73 767 123 804 neo
141 749 245 803 validas
262 750 321 804 aevi
339 750 410 803 vires
428 750 550 818 perferre
567 751 680 820 patique

74 826 162 880 finiti?
179 842 268 893 neque
285 825 357 879 enim
374 826 507 881 caderent
524 825 615 880 avolsa
632 826 755 895 repente,
813 864 816 870 .
884 840 921 879 315

72 918 107 955 ex
125 902 231 955 infinito
249 918 319 970 quae
336 904 460 970 tempore
479 902 692 970 pertolerassent

74 978 164 1031 omnia
180 981 318 1049 tormenta
335 979 433 1032 aetatis
451 979 559 1048 privata
575 978 691 1046 fragore.

108 1053 233 1122 Denique
241 1053 296 1108 ia‘m
305 1059 384 1109 tuere
392 1055 450 1120 hee,
461 1055 563 1109 circum
572 1069 709 1123 supraque
718 1053 793 1122 quod
801 1069 908 1106 omnem

72 1129 195 1184 continet
212 1129 339 1198 amplexu
356 1133 474 1184 terram:
492 1131 516 1184 si
533 1133 660 1200 procreat
678 1147 712 1184 ex
730 1145 761 1183 se

72 1205 171 1274 omnia,
180 1206 255 1274 quod
264 1205 376 1274 quidam
385 1209 544 1275 memorant,
555 1206 709 1275 recipitque
717 1208 867 1273 perempta,
884 1217 922 1256 sao

72 1281 303 1335 totum-nativum
320 1281 430 1335 mortali
448 1297 561 1350 corpore
579 1285 693 1336 constat.

72 1373 136 1411 nam
153 1357 345 1426 quodcumque
362 1356 430 1410 alias
447 1373 482 1410 ex
500 1373 530 1410 se
547 1372 592 1410 res
610 1359 693 1424 auget
710 1355 823 1425 alitque,

30 1465 36 1475 ·
73 1433 194 1487 deminui
212 1432 305 1500 debet,
323 1432 449 1500 recreari,
468 1448 530 1486 eum
547 1432 647 1501 recipit
664 1449 717 1486 res.

108 1509 258 1564 Praeterea
276 1509 299 1562 si
316 1509 391 1562 nulla
408 1509 461 1563 fuit
478 1508 606 1578 genitalis
624 1508 700 1576 origo

71 1587 210 1640 terrarum
228 1588 258 1639 et
275 1585 343 1638 caeli
363 1601 526 1654 semperque
543 1589 655 1640 aeterna
671 1585 756 1654 fuere,
886 1597 923 1636 aas

71 1678 121 1715 cur
139 1677 237 1730 supera
255 1660 355 1714 bellum
374 1661 532 1716 Thebanum
550 1665 580 1716 et
596 1662 693 1716 funera
711 1661 808 1715 Troiae

71 1753 125 1791 non
144 1737 211 1790 alias
228 1737 273 1790 alii
292 1753 401 1805 quoque
420 1755 465 1792 ros
482 1739 606 1793 cecinere
623 1737 736 1807 podtael

72 1828 126 1882 quo
144 1815 188 1867 tet
204 1813 276 1867 facta
293 1814 381 1867 virum
399 1814 503 1869 totiens
520 1815 645 1869 cecidere
663 1830 754 1882 neque
770 1827 885 1880 usquam

72 1888 192 1943 aeternis
209 1889 298 1943 famae
316 1891 490 1944 monimentis
507 1891 590 1944 insita
606 1891 723 1944 florenti

71 1981 174 2032 verum,
186 1969 219 2020 nt
230 1966 334 2034 opinor,
342 1966 426 2020 habet
437 1967 587 2020 novitatem
601 1981 707 2018 summo
717 1978 868 2032 recensque
885 1977 923 2016 seo

71 2043 197 2095 naturast
214 2041 310 2094 mundi
327 2057 417 2110 neque
434 2040 543 2109 pridem
561 2040 674 2094 exordia
691 2040 771 2108 cepit

72 2133 158 2186 quare
176 2116 259 2171 etiam
277 2116 412 2184 quaedam
428 2132 500 2170 nune
518 2116 793 2185 artesexpoliuntur,
871 2151 873 2155 -

71 2209 143 2246 nunc
161 2193 427 2260 etiam‘augescunt3
444 2209 517 2246 nunc
534 2192 630 2246 addita
647 2190 760 2258 navigiis
778 2193 843 2244 sunt

72 2269 166 2336 multo,
184 2270 267 2322 modo
285 2268 405 2337 organici
421 2269 531 2322 melicos
548 2284 681 2337 peperero
699 2281 816 2320 sonores

72 2344 191 2414 donique
208 2348 307 2399 natura
324 2345 392 2400 haec
408 2361 501 2399 rerum
519 2345 645 2413 ratioque
662 2344 801 2413 repertast
885 2355 922 2395 ess

71 2436 166 2488 nuper,
185 2425 215 2475 et
232 2421 301 2475 hane
318 2420 423 2490 primus
441 2437 502 2475 eum
520 2422 614 2492 primis
631 2421 690 2489 ipso
707 2421 834 2489 repertus

70 2511 143 2550 nunc
160 2513 211 2564 ogo
229 2514 289 2551 sum
307 2498 336 2551 in
353 2496 457 2566 patrias
475 2499 523 2566 qui
540 2497 642 2568 possim
661 2500 770 2552 vertere
787 2511 875 2552 voces.

72 2571 146 2639 quod
163 2573 187 2625 si
204 2574 275 2628 forte
291 2574 377 2628 fuisse
395 2573 510 2628 antehac
528 2574 626 2629 cadom
643 2575 734 2630 omnia
751 2573 848 2642 credis,

71 2647 122 2700 sed
139 2648 253 2716 periisse
271 2649 411 2704 hominum
429 2651 548 2705 terrenti
566 2651 656 2706 saecla
672 2665 782 2718 vapore,

71 2725 120 2778 aut
137 2724 268 2780 cecidisse
285 2726 362 2780 urbis
380 2743 478 2795 magno
495 2729 639 2781 vexamine
657 2725 760 2790 mundi,
886 2737 922 2775 sre

72 2803 120 2853 aut
138 2817 173 2853 ex
190 2800 323 2855 imbribus
341 2802 465 2856 adsiduis
482 2803 572 2856 exisse
589 2818 702 2871 rapaces

70 2890 121 2942 per
139 2878 227 2929 terras
245 2893 338 2932 amnes
355 2880 440 2946 atque
458 2878 558 2947 oppido
576 2877 756 2945 cooperuisse,

71 2954 149 3004 tanto
168 2953 270 3022 quique
287 2954 373 3022 magis
390 2954 479 3008 victus
496 2955 601 3008 fateme
618 2955 758 3007 necessest
822 2954 824 2958 '

72 3027 188 3081 exitium
206 3046 315 3098 quoque
333 3035 470 3084 terrarum
487 3031 611 3099 caelique
626 3030 766 3084 luterum.

69 3118 131 3158 narn
150 3121 211 3160 cum
230 3123 276 3163 res
294 3107 382 3164 tantis
400 3108 510 3164 morbis
524 3107 676 3172 tantisque
688 3097 816 3170 periclis

62 3181 281 3258 tonrptarcntur,
297 3186 342 3244 ibi
361 3187 385 3244 si
404 3187 521 3245 tristior
537 3180 733 3242 incunxusset

919 3095 969 3132 ’ὣ
