2040 3426
95 115 134 174 es
488 109 543 166 111
619 64 622 69 ⁵

92 214 241 269 constituat
257 212 363 281 pariter
380 211 520 280 quosdam,
539 215 632 268 tamen
649 213 695 268 illa
712 214 845 284 relinquit

92 294 208 344 naturae
225 289 356 356 cuiusque
373 287 456 340 animi
474 288 589 356 vestigia
605 290 700 357 prima

93 382 145 419 uec
161 365 294 419 radicitus
312 363 391 418 evelli
409 363 481 418 mala
498 379 580 432 pesse
596 364 785 434 putandumst,
912 382 953 422 sm

94 442 160 511 quin
177 439 325 510 proclivius
341 439 386 492 hic
403 438 459 492 iras
477 438 608 494 decurrat
626 441 664 493 ad
681 441 757 506 acris,

92 517 139 571 ille
156 519 234 570 metu
251 515 332 569 eitius
349 515 431 584 paulo
449 517 610 584 temptetur,
628 518 658 570 at
675 516 721 570 ille

93 593 194 646 tertius
210 591 325 660 accipiat
343 591 479 660 quaedam
496 591 658 645 clementius
674 607 770 661 aequo.

93 669 178 737 inque
196 669 255 723 aliis
272 667 356 723 rebus
372 666 467 723 multis
485 667 595 722 differre
612 673 752 722 necessest

94 749 207 798 naturas
225 744 363 798 hominum
381 743 470 797 varias
487 759 632 812 moresque
650 744 788 812 sequacis3
911 760 952 799 ars

96 837 213 888 quorum
231 837 283 888 ego
300 835 372 873 nune
389 835 496 887 nequeo
515 836 609 874 caecas
627 836 764 888 exponere
781 835 877 874 causas

94 913 144 950 nec
162 897 285 965 reperire
303 896 452 962 figurarum
469 897 512 948 tet
529 895 639 949 nemina
656 899 725 964 qud
743 899 807 949 sunt

96 972 241 1040 principiis,
259 971 333 1024 unde
349 970 416 1023 haec
435 971 523 1024 oritur
540 971 672 1025 variantia
690 988 790 1026 rerum.

95 1047 165 1101 illud
181 1048 209 1098 in
225 1046 270 1099 his
286 1045 369 1099 rebus
386 1046 482 1099 videor
499 1046 609 1100 firmare
626 1050 744 1116 potesse,

96 1138 183 1190 usque
200 1122 271 1175 adeo
288 1124 448 1174 naturarum
465 1122 582 1190 vestigia
598 1123 685 1191 linqui
911 1138 952 1180 aar

97 1196 215 1266 parvola,
234 1213 304 1266 quae
322 1200 441 1265 nequeat
457 1197 528 1252 ratio
546 1198 685 1266 depellere
703 1198 782 1252 nobis

98 1278 130 1328 ut
147 1273 185 1326 nil
203 1273 327 1351 inpediat
346 1273 455 1341 dignam
474 1273 517 1328 dis
535 1273 637 1341 degere
655 1275 747 1328 vitam.

133 1350 211 1404 Haec
228 1350 313 1418 igitur
329 1353 428 1403 natura
444 1354 556 1405 tenetur
573 1367 686 1418 corpere
704 1350 739 1404 ab
756 1351 830 1404 omni

96 1427 210 1495 ipsaque
228 1427 348 1494 corperis
366 1430 410 1480 est
427 1430 520 1481 custos
537 1429 566 1480 et
584 1443 664 1480 causa
682 1427 792 1492 salutis3

95 1519 159 1556 nam
176 1502 363 1556 communibus
380 1503 452 1556 inter
471 1519 501 1556 se
518 1501 656 1555 radicibus
673 1501 788 1556 haerent
911 1519 952 1558 ³25

95 1594 145 1631 nee
163 1578 222 1631 sine
239 1577 360 1645 pernicie
379 1577 472 1631 divelli
489 1594 570 1646 posse
588 1578 721 1632 ridentur.
964 1600 966 1605 ⁸

97 1653 173 1720 quod
189 1669 275 1719 genus
293 1669 309 1705 e
326 1651 415 1706 thuris
432 1654 535 1720 glaebis
553 1653 670 1707 evellere
687 1654 799 1707 odorem

96 1728 170 1780 haud
187 1727 265 1782 facile
283 1730 327 1781 est
345 1728 410 1794 quin
429 1729 548 1783 intereat
566 1732 665 1783 natura
682 1746 792 1799 quoquc
810 1729 875 1783 eius.

95 1805 133 1856 sie
150 1803 233 1857 animi
250 1806 335 1872 atque
352 1805 457 1858 animae
474 1809 601 1859 naturam
619 1821 731 1874 corpore
748 1808 808 1859 toto

95 1879 240 1933 extrahere
257 1880 325 1933 haut
342 1879 421 1933 facile
438 1884 481 1935 cst
499 1882 566 1951 quin
583 1881 672 1936 omnia
691 1880 883 1935 dissoluantur.
913 1896 952 1936 aaa

97 1955 212 2024 inplexis
228 1956 273 2011 ita>
285 1956 425 2024 principiis
443 1957 478 2011 ab
496 1958 600 2025 origine
617 1957 706 2025 prima

97 2033 169 2084 inter
187 2048 216 2085 se
234 2032 305 2084 fiunt
321 2034 442 2087 consorti
459 2034 585 2102 praedita
602 2034 659 2087 rita

98 2124 148 2161 nee
168 2108 220 2161 sibi
238 2125 363 2177 quaeque
382 2111 440 2164 sine
457 2110 571 2165 alterius
588 2109 615 2162 ri
632 2125 713 2176 pesse
731 2108 843 2162 videtur
872 2144 876 2152 -

97 2185 216 2253 corperis
235 2188 318 2252 atque
336 2185 419 2239 animi
437 2202 560 2240 seorsum
578 2185 681 2239 sentire
699 2187 830 2253 potestas,

98 2260 147 2314 sed
165 2260 352 2314 communibus
369 2261 443 2316 inter
459 2278 506 2316 eas
524 2261 658 2315 conflatur
674 2260 813 2330 utrimque
913 2278 952 2317 uu

98 2335 217 2389 motibus
235 2353 364 2391 accensus
381 2337 460 2390 nobis
476 2353 527 2406 per
544 2337 648 2391 viscera
666 2353 766 2390 sensus.

99 2415 242 2479 praeterea
259 2427 358 2479 corpus
374 2429 425 2481 per
442 2429 471 2465 se
489 2429 539 2466 nee
557 2413 681 2481 gignitur
697 2429 828 2479 umquam

99 2503 149 2540 nee
167 2485 265 2540 crescit
281 2502 371 2554 neque
388 2491 451 2555 post
468 2491 585 2542 mertem
603 2490 704 2542 durare
721 2488 837 2542 videtur.

99 2579 152 2616 nou
170 2562 250 2628 enim,
268 2565 301 2616 ut
318 2579 396 2616 umor
413 2579 500 2631 aquae
519 2564 634 2619 dimittit
652 2581 734 2634 saepe
751 2582 877 2634 raperem

99 2639 147 2708 qui
165 2638 248 2692 datus
265 2641 315 2707 est,
333 2655 422 2707 neque
439 2655 471 2692 ea
488 2655 569 2694 eausa
586 2641 750 2695 convellitur
766 2642 831 2709 ipse,
914 2658 953 2697 are

100 2716 149 2770 sed
166 2719 260 2772 manet
276 2715 424 2783 incolumis,
441 2731 504 2783 non,
520 2717 640 2785 inquam,
658 2717 697 2771 sie
715 2717 813 2768 auinrai

100 2793 245 2847 discidium
262 2794 377 2860 possunt
394 2794 470 2846 artus
488 2793 611 2860 perferre
627 2792 724 2858 relicti,

100 2867 149 2921 sed
166 2871 275 2937 penitus
293 2872 410 2937 pereunt
427 2868 547 2923 convulsi
565 2885 670 2937 conque
688 2869 856 2935 putrescunt.

100 2959 134 2994 ex
152 2944 265 2998 ineunte
281 2961 348 2998 aere
365 2945 404 2998 sie
421 2945 541 3012 corperis
558 2950 643 3013 atque
659 2943 759 2997 animai

98 3021 195 3070 inatna
212 3020 301 3073 vitalis
319 3020 429 3077 discunt
446 3021 573 3089 contagia
589 3023 681 3074 motus
915 3013 973 3072 aas

78 3093 219 3148 basternis
236 3095 324 3151 etiam
342 3098 480 3154 membris
499 3098 617 3165 alvoque
634 3096 762 3161 repcsta,

60 3163 218 3216 (decidam
240 3177 277 3226 a!
291 3180 427 3243 nequeat
444 3174 514 3231 fieri
531 3174 597 3228 siue
613 3172 700 3241 peste
715 3165 869 3229 maleque,
