2040 3426
103 221 190 272 usquo
201 203 271 257 adeo
282 201 408 256 omnibus
419 201 455 255 ab
466 202 548 256 rebus
560 217 605 255 res
617 215 742 270 quaeque
755 198 874 253 fluenter
921 213 960 254 aas

102 281 190 334 fertur
207 283 237 334 et
254 280 283 332 in
299 281 412 332 cunctas
429 277 579 333 dimittitur
593 276 719 350 ⁹undique
736 276 824 346 partis

102 372 152 410 nec
170 373 246 410 mora
262 373 312 410 nee
329 355 440 425 requies
457 355 613 423 interdatur
630 353 686 406 ulla
703 352 814 417 fluendi,

79 479 82 483 .
101 437 235 500 perpetuo
254 432 380 499 quoniam
398 432 537 498 sentimus,
556 433 585 483 et
604 429 693 482 omnia
711 445 819 496 semper

101 524 213 562 cernere
231 507 341 561 odorari
359 507 423 560 lieet
441 510 470 561 et
489 506 592 560 sentire
611 520 714 558 sonare.

137 583 285 638 Praeterea
302 584 429 652 quoniam
448 581 572 634 manibus
590 584 710 634 tractata
723 575 815 649 ¹figura
923 595 960 634 aso

100 659 129 713 in
147 660 270 715 tenebris
287 658 423 728 quaedam
442 658 613 726 cognoscitur
631 672 691 710 esse
709 655 806 714 eadem
824 672 895 725 quac

99 736 222 790 cernitur
238 735 267 789 in
284 735 345 789 luce
363 737 392 787 et
409 733 484 788 clare
501 733 627 801 candore,
644 736 783 787 necessest

100 813 231 866 consimili
249 828 330 866 eausa
347 813 453 865 tactum
470 811 613 878 risumque
630 809 741 863 moveri.

100 904 171 942 nunc
188 888 274 956 igitur
292 887 315 940 si
333 886 498 955 quadratum
516 889 685 954 temptamus
702 890 732 939 et
750 884 780 937 id
797 901 847 940 nos

99 968 252 1018 commovet
269 964 296 1017 in
315 961 445 1028 tenebris,
464 962 492 1014 in
509 961 563 1015 luei
581 978 651 1030 quae
669 963 771 1031 poterit
788 978 833 1016 res

32 1096 37 1105 ,
100 1039 226 1093 accidere
244 1040 280 1092 acl
298 1039 419 1107 speeiem
438 1037 580 1106 quadrata,
598 1037 650 1090 nisi
669 1039 728 1091 eins
746 1039 853 1105 imagel

100 1131 160 1168 esse
177 1115 204 1167 in
224 1115 388 1181 imaginibus
407 1117 577 1183 quapropter
595 1130 676 1168 causa
693 1115 804 1168 videtur

99 1189 232 1244 cernundi
250 1206 339 1258 nequo
356 1205 437 1258 posse
456 1191 513 1243 sine
531 1189 573 1242 liis
592 1206 637 1243 rcs
655 1189 823 1245 nlla'videri.

98 1281 171 1320 nunc
189 1283 222 1320 ea
240 1283 310 1335 qnae
329 1266 389 1320 dieo
407 1282 498 1319 reruni
517 1266 660 1319 simulacra
677 1266 803 1320 feruntur

98 1343 221 1412 undique
239 1347 268 1397 ct
285 1342 312 1396 in
331 1348 442 1397 cunctas
459 1343 595 1396 iaciuntur
614 1341 701 1396 didita
718 1343 811 1411 partis.

99 1436 193 1475 remur
212 1437 261 1474 nos
279 1419 364 1474 oeulis
383 1420 447 1488 qnia
465 1419 529 1473 solis
546 1435 659 1473 cernere
677 1419 793 1487 quimus,

98 1500 246 1565 propterea
264 1496 363 1563 litati,
382 1496 499 1563 speciem
519 1511 573 1563 quo
590 1494 730 1559 vertimus,
750 1512 843 1549 ornnes

98 1588 144 1625 res
160 1571 199 1625 ibi
217 1589 277 1625 eam
295 1576 391 1625 contra
410 1571 509 1624 feriant
527 1573 716 1639 formantque
735 1571 832 1624 colore.

98 1649 129 1700 ct
146 1650 278 1715 quantum
297 1662 421 1714 quaeque
439 1646 474 1698 ab
492 1647 570 1699 nobis
587 1662 632 1699 res
649 1646 730 1712 absit,
749 1647 837 1714 imago

98 1722 182 1776 efficit
199 1726 231 1776 ut
248 1722 389 1776 rideamus
407 1725 436 1774 et
455 1722 639 1776 internoscere
657 1728 742 1776 curat.

98 1815 161 1851 narn
179 1815 241 1852 cunr
259 1798 387 1864 mittitur,
405 1799 543 1865 externplo
562 1797 701 1867 protrudit
719 1799 832 1868 agitque

97 1890 161 1928 alcia
178 1874 225 1942 qui
242 1873 314 1928 inter
332 1889 361 1927 so
379 1890 495 1942 cunique
513 1881 556 1927 est
574 1874 720 1942 oculosque
739 1875 851 1941 leatus,

97 1951 175 2019 isque
192 1951 232 2004 ita
249 1967 299 2021 per
316 1953 424 2004 nostras
441 1951 514 2004 acics
532 1951 683 2018 perlabitur
700 1952 787 2003 omnis

98 2033 128 2093 et
145 2028 222 2097 quasi
240 2030 383 2096 perterget
401 2027 520 2096 pupillas
538 2031 621 2096 atque
639 2026 679 2079 ita
696 2027 805 2081 transit.

54 2106 244 2172 apopores
261 2104 293 2158 fit
311 2104 351 2156 uti
369 2103 510 2156 rideamus
528 2120 609 2171 quani
628 2103 722 2171 procul
739 2103 811 2156 absit

54 2197 86 2228 an
98 2197 142 2233 res
161 2197 291 2249 quaeque.
311 2184 340 2233 ct
359 2183 462 2247 quanto
480 2179 542 2248 plns
559 2180 628 2232 aeris
646 2182 712 2233 ante
728 2178 850 2247 agitatur

98 2259 127 2310 et
145 2260 252 2311 nostros
270 2256 363 2310 oculos
380 2259 523 2324 perterget
542 2255 647 2322 longior
663 2270 737 2321 aura,

90 2336 155 2385 tam
173 2332 266 2400 procul
285 2348 344 2385 esse
362 2331 450 2400 inagis
468 2349 512 2385 res
530 2348 656 2401 quaeque
674 2334 780 2385 remota
797 2331 915 2385 videtur.

98 2407 202 2461 scilicet
219 2407 286 2460 haee
305 2423 409 2461 summe
428 2407 509 2460 celeri
530 2409 635 2461 ratione
653 2412 795 2475 gennitnr,

97 2481 177 2550 quale
195 2482 232 2535 sit
248 2486 281 2534 nt
298 2482 438 2535 videamus
457 2489 486 2536 et
504 2500 558 2536 una
576 2501 657 2551 quam
675 2483 769 2552 procul
787 2482 866 2536 absit.
919 2498 958 2538 255

97 2556 165 2611 illud
182 2557 211 2610 in
228 2556 272 2622 his
289 2557 371 2610 rebus
390 2559 500 2612 mininie
517 2559 641 2612 mirabile
659 2559 850 2625 habendurnst,

86 2650 154 2709 eur,
171 2649 205 2688 ea
222 2649 293 2702 quae
310 2632 410 2688 feriant
428 2635 520 2688 oculos
538 2635 680 2689 sinnrlacra
698 2637 785 2689 videri

98 2711 204 2779 singula
222 2727 283 2765 eum
301 2715 445 2778 nequeant,
463 2728 507 2764 res
524 2711 600 2780 ipsae
618 2712 825 2781 perspiciantur.

97 2792 196 2841 ventus
212 2787 283 2842 enim
303 2803 411 2855 qnoque
428 2787 561 2856 paulatim
579 2805 640 2842 cum
658 2788 786 2844 verberat
804 2794 913 2844 etcum

55 2877 86 2909 an
98 2879 159 2916 acro
177 2864 237 2917 fluit
254 2865 348 2932 frigus,
366 2881 419 2917 non
437 2864 544 2933 privam
562 2881 698 2933 quamque
716 2865 833 2918 solemus
919 2881 959 2940 aso

55 2957 87 2989 aaa
98 2940 257 3006 particulam
276 2940 350 2996 renti
370 2941 472 2995 sentire
489 2944 519 2995 et
535 2941 645 3009 frigoris
663 2942 728 3004 ciue,

89 3014 144 3064 sed
158 3016 251 3082 maon
270 3033 406 3086 nnorsunr,
426 3017 539 3088 fierique
556 3017 671 3087 perinde
689 3017 813 3070 videmus

72 3100 193 3149 corpore
212 3093 273 3144 tuni
290 3094 395 3164 plagas
414 3096 441 3151 in
461 3099 561 3152 nostro
578 3098 640 3150 tam
657 3109 743 3163 quam
757 3093 864 3156 al'rqnas
877 3108 929 3144 res

56 3155 195 3212 verteret
213 3170 309 3233 atquo
327 3171 374 3225 sni
395 3173 448 3230 dot
469 3189 592 3230 sensum
608 3168 737 3238 cornere
754 3168 846 3219 natm·
