2040 3426
62 113 108 170 20‘
477 108 493 164 1

61 215 219 284 corporibus
237 213 340 267 faciunt
357 228 446 281 noque
463 227 575 280 pausam
593 213 787 282 stare.frugori

61 308 112 345 nec
130 306 253 360 prorsum
271 290 299 342 in
317 288 400 342 robus
417 287 558 341 minimum
575 289 725 343 consistere
743 291 911 359 quicqoorn;

62 384 123 421 eum
141 366 281 420 videamus
299 365 329 418 id
346 368 499 420 extremum
513 364 646 433 'cuiusque
664 381 791 420 cacumen

61 459 121 496 esse
137 442 211 512 quod
228 442 265 494 ad
282 458 377 495 sensus
390 445 499 495 nostros
513 441 653 495 minimum
668 445 859 513 emendetur,
876 460 914 499 roo

61 519 184 573 conicere
202 522 234 572 ut
252 518 338 585 possis
355 534 390 570 cx
407 517 465 584 hoc,
483 533 553 585 quac
571 533 682 572 cernere
699 535 754 572 non
771 521 832 588 quis

62 598 215 649 extremum
234 595 307 662 quod
325 593 434 660 habent,
454 594 594 649 minimum
612 596 761 650 consistere
779 597 895 652 inillis.

62 670 115 726 huc
133 671 238 726 accedit
256 671 331 739 item,
351 672 477 740 quoniam
496 672 647 740 primordia
664 690 755 726 rerum

62 749 154 802 mollio
171 749 348 820 constituunt,
367 765 437 817 quoe
456 766 505 801 nos
523 750 617 802 nativa
633 749 756 802 videmus

63 841 123 879 esso
141 829 170 879 ci
187 825 297 879 mortali
315 841 376 878 oum
395 841 507 893 corpore
525 824 655 889 funditus,
673 828 758 894 utque
877 838 914 879 7⁵⁵

64 900 164 954 debent
182 900 217 952 ad
235 901 320 952 nilum
338 900 392 953 iam
410 917 501 953 rerum
520 917 625 954 summo
640 902 741 954 reverti

64 975 100 1028 de
117 977 225 1043 niloque
242 979 338 1029 renata
357 976 497 1043 vigescere
512 975 590 1044 eopia
606 992 713 1040 rerun13

64 1067 178 1118 quorum
196 1055 343 1119 utrumque
360 1050 427 1119 quid
445 1068 461 1105 a
478 1052 614 1106 veroium
632 1051 718 1105 distet
735 1051 855 1105 habebis

65 1125 163 1180 deinde
181 1128 288 1180 inimica
306 1127 394 1181 modis
411 1128 505 1183 multis
524 1132 588 1182 sunt
605 1131 688 1196 obque
706 1144 811 1182 veucrw

64 1202 124 1270 ipso
142 1202 194 1256 sibi
211 1203 284 1257 inter
301 1220 346 1269 se;
371 1221 456 1274 quare
473 1208 521 1259 aut
539 1220 683 1272 congressa
700 1203 830 1272 peribunt
878 1216 915 1256 seo

64 1281 112 1331 out
129 1279 169 1332 iis
187 1279 330 1348 diffugient
348 1284 380 1335 ut
397 1278 564 1350 tempestato
581 1284 674 1334 coacte

65 1354 330 1423 fulmina-diffugere
349 1359 432 1426 abque
450 1357 543 1411 imbris
563 1360 713 1424 ventosque
730 1355 862 1408 videmus.

102 1431 226 1499 Denique
243 1436 373 1501 quattuor
392 1450 426 1486 ex
444 1433 526 1486 rebus
546 1433 569 1485 si
587 1435 685 1485 cuncto
701 1433 829 1484 creantur

65 1509 149 1573 utque
166 1507 194 1558 in
212 1524 258 1560 eas
275 1523 383 1560 rursum
401 1525 446 1560 res
464 1508 554 1560 omnio
571 1505 765 1573 dissoluuntur,

66 1581 113 1648 qui
130 1581 217 1648 magis
234 1581 281 1634 ills
300 1585 405 1649 queunt
423 1599 515 1635 rerum
534 1581 684 1649 primordia
702 1581 755 1634 dici
881 1595 915 1637 soe

7 1718 8 1724 ¹
66 1672 148 1723 quam
167 1662 261 1710 eontra
278 1673 323 1709 ros
340 1655 448 1710 illorum
467 1659 597 1724 retroque
613 1657 721 1725 putori?

66 1731 178 1785 alternis
196 1732 345 1798 gignuntur
363 1732 435 1785 cuim
453 1735 615 1802 mutantque
632 1732 749 1785 colorem

67 1807 97 1860 et
114 1809 202 1860 totam
219 1807 292 1859 inter
310 1823 339 1860 se
356 1811 482 1861 naturam
500 1809 625 1875 ternpore
642 1807 677 1861 ab
696 1809 776 1862 enini.

68 1882 110 1936 sin
127 1883 167 1935 iia
184 1882 256 1936 forie
273 1885 353 1951 putas
370 1882 440 1951 ignis
458 1887 603 1950 terraeque
620 1884 692 1938 coire
882 1899 917 1938 no

68 1973 167 2027 corpus
185 1961 214 2012 ct
231 1959 319 2012 aerias
337 1975 415 2013 aures
433 1976 579 2028 roremque
596 1959 715 2028 liquoris,

68 2033 107 2086 nil
124 2034 153 2086 in
171 2034 283 2088 concilio
301 2039 427 2090 naturam
445 2039 477 2090 ui
494 2039 586 2098 mutet.
601 2053 701 2104 eorum,

68 2110 143 2163 nulla
159 2110 210 2164 tibi
229 2129 262 2166 ex
280 2112 334 2166 iilis
352 2113 454 2180 poterit
471 2129 516 2166 res
534 2128 594 2166 esse
611 2117 711 2181 cresto,

67 2202 122 2239 non
140 2187 268 2255 animane,
288 2206 341 2242 non
360 2190 485 2243 exanimo
504 2198 564 2242 eum
583 2205 703 2258 corpore,
721 2192 754 2242 ut
771 2188 859 2242 orbos.

69 2263 171 2331 quippe
189 2282 265 2317 sunm
286 2266 403 2334 quicque
420 2267 447 2319 in
467 2269 547 2320 coctu
564 2266 695 2318 variantis
713 2265 802 2318 acervi
882 2277 920 2318 775
968 2327 973 2333 Ι

71 2341 197 2391 naturam
216 2341 344 2394 ostendet
362 2343 519 2410 mixtusque
536 2341 676 2394 videbitur
694 2357 742 2393 aer

69 2428 130 2465 oum
147 2416 222 2466 terra
240 2415 319 2467 simul
338 2419 421 2482 abque
439 2417 521 2468 ordor
533 2420 600 2468 ’eum
618 2432 680 2467 roro
697 2431 816 2468 menore.

69 2490 98 2541 ob
115 2489 263 2556 primordia
281 2491 428 2558 gignundis
446 2492 474 2543 in
492 2490 573 2544 rebus
591 2495 701 2558 oporice

69 2566 195 2617 naturam
214 2565 409 2619 clandestinum
428 2582 590 2633 caecamque
607 2565 746 2633 adhibere,

70 2640 189 2694 emineat
206 2640 308 2710 nequid
326 2644 399 2710 quod
418 2647 514 2712 eontra·
529 2645 634 2711 pugnet
652 2645 681 2696 et
698 2640 791 2697 obstet
883 2658 922 2698 rso

70 2717 212 2785 quominus
231 2735 291 2772 esso
311 2722 393 2788 queat
411 2720 522 2790 proprie
541 2719 731 2788 quodcumque
748 2721 865 2773 creatur.

108 2794 178 2858 Quin
197 2797 278 2850 etism
297 2799 425 2866 repetunt
443 2814 460 2850 a
477 2797 551 2850 caelo
570 2801 653 2866 etque
670 2797 779 2865 ignibus
796 2796 855 2850 eius

72 2871 101 2923 ot
117 2871 235 2936 primum
254 2874 357 2928 faciunt
374 2875 465 2944 ignem
484 2891 513 2928 se
531 2878 640 2929 vertero
657 2874 686 2926 in
703 2889 783 2926 auras

72 2945 150 3012 neris,
168 2946 231 3001 hinc
248 2949 363 3006 imbrem
381 2953 456 3020 gigni
474 2957 632 3021 terramque
650 2951 736 3007 creari

73 3038 107 3074 cx
124 3021 203 3077 imbn'
221 3030 351 3098 retroque
367 3046 385 3084 a
402 3034 478 3085 torro
495 3033 594 3085 cuneis
610 3026 721 3092 revorti,
883 3038 922 3078 nse

58 3109 184 3151 aurorem
197 3102 332 3174 primum,
350 3110 418 3178 post
437 3124 513 3178 esra,
533 3104 637 3162 deinde
655 3102 788 3164 cuiorern,

32 3177 93 3216 1¹00
108 3185 223 3230 cessero
241 3177 316 3236 lrncc
334 3184 416 3241 inber
436 3202 468 3242 se
486 3187 616 3247 nruinre,
631 3194 729 3234 menno
