2040 3426
522 120 557 177 II
926 129 964 183 45

114 227 144 278 et
162 223 352 292 quodcumque
370 223 456 289 iringis
474 223 516 276 vis
533 223 632 277 multas
650 225 773 293 possidet
789 226 818 280 in
835 242 866 281 so

115 305 196 368 atque
213 303 373 370 potestates
392 299 431 352 ita
448 298 566 367 plurima
582 299 777 370 principiorum

112 379 142 431 in
161 394 221 431 sese
238 392 341 444 genera
359 380 391 428 a'e
409 375 497 428 varias
516 375 598 429 docet
616 392 675 430 esse
693 378 800 446 figuras.

113 454 246 524 principio
265 453 346 506 tellus
363 450 448 505 habet
465 452 494 504 in
512 469 542 506 so
560 469 673 522 corpora
690 455 778 522 prima

113 529 186 584 unde
204 545 279 582 mare
297 528 449 581 inmensum
467 529 607 583 volventes
624 529 726 597 frigora
743 531 833 586 fontes
868 568 871 573 »
933 545 969 584 eoo

113 606 228 659 adsidue
245 608 386 673 renovent,
403 603 487 658 habet
505 605 582 673 ignes
600 606 674 659 unde
692 605 820 660 oriantur.

113 699 176 735 nam
195 681 288 735 multis
307 697 436 735 succensa
453 681 519 734 locis
537 683 636 736 ardent
653 682 710 735 sola
727 687 826 751 terrae,

113 759 221 812 eximiis
238 774 303 811 vero
321 757 388 811 furit
406 757 514 826 ignibus
532 759 650 828 impetus
670 760 784 812 Aetnae.

113 839 172 888 tum
190 851 271 904 porro
290 834 391 889 nitidas
408 836 501 903 fruges
519 834 684 902 arbustaque
701 834 773 888 laeta

111 911 237 978 gentibus
255 910 378 964 humanis
395 911 479 965 habet
496 911 569 964 uude
586 911 717 965 extollere
734 911 828 979 possit,
932 921 968 960 555

112 987 185 1040 uude
203 987 286 1040 ctiam
305 986 400 1041 fluvios
417 987 529 1040 frondes
548 991 577 1041 et
594 986 695 1056 pabula
713 986 786 1040 laeta

112 1063 266 1130 montivago
284 1063 377 1132 generi
395 1063 483 1132 possit
500 1063 633 1133 praebere
650 1064 775 1117 ferarum.

113 1155 197 1207 quaro
215 1156 312 1207 magna
330 1139 413 1193 deum
430 1143 520 1193 mater
536 1142 679 1207 materque
695 1140 816 1193 serarum

113 1218 142 1268 ct
159 1215 246 1268 nostri
263 1215 390 1282 genetrix
408 1214 475 1268 haec
493 1215 567 1278 dicta
585 1219 627 1268 est
645 1217 765 1284 eorporis
781 1230 843 1267 una.

149 1290 229 1343 Hane
248 1294 355 1343 veteres
374 1290 485 1344 Graium
504 1291 579 1343 docti
590 1291 720 1349 ,cecinere
737 1293 837 1359 poetae
929 1303 966 1342 eoo

113 1441 224 1495 sedibus
242 1441 270 1494 in
288 1431 369 1494 c'urru
386 1440 492 1508 biiugos
510 1441 614 1507 agitare
632 1442 729 1508 leones,

112 1518 184 1571 aeris
201 1518 229 1570 in
247 1517 337 1586 spatio
354 1533 480 1584 magnam
498 1516 618 1586 pendere
636 1517 766 1570 docentes

112 1594 238 1646 tellurem
256 1588 345 1662 neque
363 1609 442 1661 posse
461 1593 489 1645 in
508 1595 584 1646 terra
603 1593 700 1646 sistere
717 1596 826 1648 terram.

112 1669 259 1722 adiunxere
278 1669 358 1738 feras,
376 1670 442 1738 quia
458 1669 579 1737 quamvis
598 1669 680 1722 effera
696 1669 787 1738 proles
978 1705 981 1709 ,

113 1745 205 1798 officiis
224 1745 308 1799 debet
325 1745 423 1798 molliri
440 1746 512 1798 victa
529 1749 680 1814 parentum.
768 1763 772 1770 ·
929 1761 966 1800 coe

112 1821 262 1890 muralique
282 1825 365 1891 caput
383 1838 517 1874 summum
535 1823 644 1876 cinxere
661 1838 767 1890 corona,

112 1897 218 1951 eximiis
235 1898 340 1952 munita
358 1899 424 1952 locis
443 1900 507 1966 quia
524 1899 641 1952 sustinet
658 1897 754 1963 urbes;

112 1989 166 2042 quo
183 1991 253 2027 nunc
271 1975 368 2042 insigni
386 1992 437 2044 por
454 1991 565 2042 magnas
583 1973 708 2042 praedita
725 1975 814 2026 terras

112 2049 238 2102 horrifico
256 2051 343 2103 fertur
361 2050 469 2106 divinae
487 2049 583 2103 matris
600 2050 696 2116 imago.

112 2125 181 2179 hane
200 2125 290 2177 variae
308 2129 405 2192 gentes
423 2125 534 2192 antiquo
552 2141 627 2177 more
646 2140 782 2178 sacrorum
929 2139 965 2176 oro

113 2201 226 2254 Idaeam
245 2202 367 2254 vocitant
385 2205 502 2254 matrem
522 2200 706 2267 Phrygiasque
725 2201 848 2252 catervas

113 2277 180 2330 dant
198 2277 321 2342 comites,
338 2277 402 2343 'quia
420 2277 539 2345 primum
557 2275 662 2329 axillis
680 2274 778 2328 finibus
795 2273 882 2328 edunt

112 2369 163 2421 per
180 2354 317 2405 terrarum
335 2352 428 2405 orbem
446 2353 540 2419 fruges
558 2351 678 2420 coepisse
696 2351 789 2404 creari.

111 2428 197 2496 gallos
217 2427 379 2496 attribuunt,
398 2429 467 2496 quia,
487 2444 588 2481 numen
607 2428 652 2496 qui
671 2427 798 2482 violarint

112 2505 209 2559 matris
227 2507 257 2558 et
274 2503 376 2573 ingrati
391 2505 560 2573 genitoribus
577 2504 680 2559 inventi
699 2504 760 2571 sint,
929 2518 967 2557 515

112 2581 264 2649 significare
282 2581 375 2636 volunt
391 2583 594 2650 indignos'esso
611 2582 755 2650 putandoa

112 2659 200 2712 vivam
218 2659 376 2727 progeniem
394 2659 440 2727 qui
458 2660 485 2711 in
503 2675 564 2712 oras
581 2658 689 2711 luminis
707 2657 799 2712 edant.

113 2738 242 2804 tympana
258 2737 336 2788 tenta
353 2736 449 2787 tonant
466 2734 563 2803 palmis
581 2737 610 2786 et
628 2733 751 2802 cymbala
768 2733 870 2786 circum

113 2828 237 2877 concava,
255 2810 450 2878 raucisonoque
467 2810 605 2862 minantur
622 2825 722 2862 cornua
739 2811 821 2861 cantu

114 2891 143 2940 et
162 2887 279 2956 Phrygio
297 2885 631 2947 stimulatnumerocava
648 2883 716 2936 tibia
734 2882 840 2946 mentis,
930 2894 967 2932 mo

114 2963 226 3030 telaque
244 2963 422 3031 praeportant
439 2959 551 3013 violenti
569 2959 646 3026 signa
662 2959 772 3022 furoris,

114 3038 235 3104 ingratos
252 3037 355 3091 animos
373 3039 457 3106 atquc
473 3035 563 3108 impia
577 3038 701 3107 pectora
713 3032 796 3097 voigi

107 3115 264 3169 conterrere
281 3117 361 3172 metu
381 3133 456 3189 quae
474 3115 589 3189 possint
605 3108 723 3170 numini
748 3106 850 3186 divae.

96 3200 166 3254 ago
182 3204 247 3244 eum
263 3191 396 3263 primum
413 3213 542 3272 magras
560 3193 685 3253 invecta
700 3201 758 3261 uti·
776 3176 873 3232 iffi*
