2040 3426
103 115 160 176 114
490 113 563 171 1111

99 223 185 278 totius
202 237 325 276 umorem
343 223 480 275 saccatum
498 221 612 291 corpori'
630 219 757 290 fundunt,

100 315 161 352 cum
179 297 344 366 Babylonica
361 297 503 364 magnifico
522 298 667 366 splendore
684 297 817 365 rigantur.

99 377 159 428 tum
176 373 274 443 quibus
292 373 391 427 aetatis
409 372 481 426 freta
498 374 625 442 primitus
643 373 796 427 insinuetur
901 387 952 428 roeo

100 467 200 518 semen,
218 450 265 503 ubi
284 450 343 518 ipsa
361 449 420 503 dies
438 451 567 503 membris
584 454 693 504 matura
711 450 821 518 crearit,

99 527 263 580 conveniunt
281 526 426 580 simulacra
443 526 509 579 foris
528 544 543 579 e
561 543 675 596 corpore
694 543 805 596 quoque

100 603 195 656 nuntia
212 603 343 671 praeclari
363 602 453 656 voltus
470 603 631 671 pulchrique
649 603 753 672 coloris,

100 679 146 746 qui
163 678 218 733 ciet
235 679 351 734 inritans
369 678 429 732 loca
446 678 558 746 turgida
576 679 680 734 semine
697 679 792 748 multo,

98 757 131 808 ut
142 756 221 823 quasi
232 756 377 810 transactis
390 772 472 825 saepe
485 755 602 808 omnibu’
615 755 691 809 rebu’
705 755 875 825 profundant
904 769 952 809 roas
993 776 994 781 ¹

99 830 216 885 fluminis
234 832 353 901 ingentis
371 832 471 887 fluctus
489 835 649 900 vestemque
667 834 820 886 cruentent.

134 906 303 963 Sollicitatur
320 908 350 962 id
369 909 402 962 ia
419 908 505 974 nobis,
523 907 597 976 qnod
616 907 734 962 diximus
752 910 824 975 ante,

99 1000 199 1050 semen,
217 983 312 1038 adulta
330 987 407 1038 aetas
425 1001 487 1038 oum
506 985 625 1053 primurn
644 983 756 1037 roborat
773 987 857 1037 artus

99 1075 215 1128 namque
233 1059 300 1114 alias
318 1060 393 1113 aliud
410 1077 454 1113 res
473 1063 624 1113 commovet
642 1062 727 1128 atque
744 1059 869 1125 lacessit3

99 1153 133 1190 ex
146 1135 255 1189 homino
266 1136 415 1190 humanum
427 1152 519 1189 semen
537 1136 592 1189 ciet
604 1152 659 1189 uua
670 1135 786 1188 hominis
798 1136 846 1188 vis.
903 1148 953 1205 reso

100 1211 174 1280 quod
191 1211 271 1264 simul
289 1215 372 1283 atque
389 1211 445 1264 suis
463 1211 581 1265 eiectum
600 1211 711 1265 sedibus
730 1211 796 1276 exit,

99 1305 148 1357 por
165 1286 288 1341 membra
305 1293 388 1356 atque
406 1291 482 1340 artus
501 1288 612 1341 decedit
630 1304 744 1355 corporo
761 1290 822 1340 tote
871 1349 874 1356 Ι

99 1364 127 1417 in
145 1365 204 1419 loca
221 1364 384 1419 conveniens
402 1380 547 1418 nervorum
565 1367 642 1418 certa
659 1364 769 1430 cietque

100 1442 227 1495 continuo
244 1441 331 1510 partis
347 1439 475 1508 genitalis
493 1439 613 1508 eorporis
631 1439 711 1509 ipsas.

100 1516 213 1570 inritata
231 1520 339 1570 tument
357 1516 417 1569 loca
435 1517 537 1570 semine
556 1515 644 1583 fitque
661 1514 787 1568 voluntas
902 1525 952 1565 1000

100 1591 189 1645 eicere
207 1591 237 1644 id
255 1609 309 1659 quo
328 1608 357 1645 se
376 1591 519 1645 contendit
538 1591 600 1644 dira
616 1589 719 1657 lubido,

99 1665 184 1734 idque
202 1666 274 1734 petit
292 1682 398 1734 eorpus,
417 1682 493 1720 mens
512 1666 585 1720 unde
603 1669 646 1720 est
665 1666 757 1719 saucia
774 1680 874 1718 amore.

100 1758 217 1810 namque
236 1758 329 1795 omnes
347 1743 508 1810 plerumque
527 1743 630 1797 eadunt
647 1742 676 1796 in
693 1743 792 1797 vulnus
809 1744 839 1795 et
855 1740 932 1794 illam

101 1818 199 1873 emieat
216 1819 244 1871 in
262 1821 369 1887 partem
387 1820 496 1886 sanguis
513 1818 588 1873 unde
604 1819 702 1873 icimur
719 1819 784 1887 ictu,
904 1831 954 1870 meo

101 1898 131 1949 ot
149 1895 171 1948 si
188 1895 337 1949 comminus
355 1898 406 1963 est,
424 1894 531 1949 hostem
549 1895 632 1949 ruber
650 1898 766 1964 occupat
782 1909 868 1948 umor.

101 1972 242 2040 sicigitur
260 1971 377 2026 Veneris
395 1972 442 2040 qui
460 1971 523 2026 telis
542 1971 640 2040 accipit
657 1971 736 2038 ictus,

101 2050 159 2103 sive
176 2065 245 2118 puer
262 2049 392 2103 membris
410 2047 588 2103 muliebribus
606 2048 679 2101 hune
696 2047 833 2101 iaculatur

102 2143 150 2179 seu
167 2126 265 2179 mulier
282 2127 342 2179 toto
360 2125 465 2179 iactans
483 2141 498 2177 e
517 2140 630 2192 corpore
648 2138 777 2189 amorem,

101 2201 175 2254 unde
192 2202 298 2268 feritur,
317 2217 349 2255 eo
366 2201 458 2255 tendit
475 2201 614 2268 gestitque
632 2199 705 2253 coire
903 2211 953 2252 105⁵

101 2282 131 2332 ot
148 2278 238 2332 iacere
256 2295 378 2332 umorem
396 2278 424 2330 in
443 2293 541 2345 eorpus
559 2276 594 2330 de
612 2291 726 2344 corpore
744 2275 866 2329 ductum.

102 2371 219 2423 namquo
237 2356 405 2423 voluptatem
421 2353 560 2423 praesagit
576 2355 654 2405 muta
672 2350 778 2419 cupido.

137 2431 215 2484 Haec
226 2431 319 2484 Venus
332 2435 374 2484 est
386 2431 479 2495 nobis;
491 2431 553 2482 hine
566 2431 686 2481 autemst
697 2443 795 2480 nemen
809 2425 917 2492 amoris,

102 2507 165 2560 hino
181 2507 259 2560 illaec
276 2507 393 2575 primum
412 2506 527 2559 Veneris
545 2504 697 2558 dulcedinis
715 2503 743 2555 in
762 2519 809 2556 eor

103 2583 216 2637 stillavit
232 2585 314 2649 gutta
331 2584 360 2634 et
378 2581 508 2634 successit
525 2581 625 2649 frigida
643 2596 715 2633 cura.
906 2591 955 2630 roeo

102 2676 165 2712 nam
179 2659 201 2711 si
213 2658 292 2711 abest
304 2657 378 2726 quod
389 2673 460 2724 aves,
473 2661 582 2727 praesto
595 2656 738 2710 simulacra
750 2656 843 2707 tamen
856 2656 921 2706 sunt

37 2735 175 2793 *billius
193 2738 222 2788 et
240 2750 337 2788 nomen
356 2733 436 2788 dulce
454 2733 614 2787 obversatur
631 2732 667 2786 ad
685 2732 766 2786 auris.

104 2813 153 2865 sed
170 2811 290 2881 fugitare
309 2812 390 2866 decet
408 2811 552 2865 simulacra
570 2814 599 2864 et
617 2810 716 2878 pabula
734 2806 834 2862 amoris

104 2888 259 2941 absterrere
278 2889 328 2943 sibi
347 2892 431 2956 atque
448 2888 500 2940 alio
519 2889 679 2940 convertere
696 2887 818 2936 montem

104 2966 134 3017 ot
150 2963 240 3016 iacere
258 2981 381 3017 umorem
399 2964 550 3017 conlectum
568 2963 597 3015 in
616 2976 731 3029 corpora
749 2972 874 3026 quaeque
906 2969 956 3009 10e⁵

90 3053 148 3090 nec
162 3041 293 3110 retinere,
312 3040 399 3097 semel
418 3056 578 3095 conversum
594 3038 676 3092 unius
692 3050 792 3099 amore,

76 3113 109 3161 ot
124 3129 246 3172 servare
261 3118 321 3175 sibi
338 3136 439 3176 curam
459 3121 628 3184 certumque
647 3111 779 3166 dolorem.

59 3181 146 3240 uleus
162 3192 244 3248 enim
266 3196 398 3254 vivescit
417 3201 448 3254 et
469 3191 662 3252 inveterascit
678 3182 783 3240 alendo
