2040 3426
522 58 577 116 III

127 163 157 217 ei
174 164 250 217 reiro
267 160 300 217 fii
316 160 358 216 uti
375 162 471 216 contra
489 162 525 216 sit
542 177 624 230 saepo
641 161 767 228 vicissim,

127 254 190 292 oum
207 237 291 293 miser
308 255 343 292 ex
360 238 449 292 animo
466 237 587 293 laetatur
604 255 717 308 corpore
734 242 809 305 toto;

127 330 181 367 non
198 313 251 368 elio
267 316 350 384 paeto
367 322 449 382 quem
467 313 497 381 si,
514 329 565 382 pes
582 330 644 368 oum
662 314 737 369 dolet
754 315 837 384 aegri,
942 330 978 368 110

127 391 155 443 in
172 391 246 443 nullo
263 391 347 459 eaput
365 389 472 442 interea
488 388 525 442 sit
542 389 614 442 forte
632 389 732 444 doloro.
975 392 984 405 '

126 469 270 535 praeterea
287 464 361 518 molli
379 481 440 518 oum
458 481 551 519 somno
569 465 664 518 dedite
681 466 805 520 membra

127 542 296 610 effusumque
313 541 385 595 iacet
403 539 461 594 sine
479 557 561 595 sensu
577 556 676 610 eorpus
693 542 847 610 honustum,

127 622 172 672 est
189 618 263 671 aliud
280 617 418 672 tamenin
435 616 514 670 nobis
532 616 605 685 quod
622 618 792 686 temporem
809 618 855 672 illo

127 693 295 747 multimodis
312 694 434 762 agitatur
451 695 480 747 ei
497 692 584 746 omnis
601 693 702 762 accipit
719 694 748 747 in
765 709 795 748 se
939 710 976 748 115

127 770 249 825 laetitiae
266 773 356 824 motus
375 772 404 824 ei
421 785 500 824 eures
518 769 608 823 cordis
626 769 721 824 inanis.

127 863 197 900 nune
213 848 329 899 enimam
344 861 452 915 quoque
468 848 500 899 ui
517 845 546 898 in
561 846 693 900 membris
710 863 873 914 cognoscere
888 849 976 915 possis

127 938 187 976 esse
203 938 292 991 noque
309 921 449 980 harmonia
466 937 565 990 eorpus
577 921 680 976 sentire
697 923 792 992 solere,

125 998 259 1067 principio
276 998 309 1052 fit
326 998 368 1052 uti
386 997 513 1052 detrecto
531 1014 645 1067 corpore
662 998 750 1053 multo

127 1091 208 1143 saepe
225 1078 317 1129 tamen
334 1074 413 1129 nobis
430 1073 459 1127 in
476 1074 608 1129 membris
624 1075 682 1130 vite
698 1077 835 1140 moretum
941 1090 977 1129 ιιι

126 1154 209 1218 etque
226 1151 323 1204 eudem
340 1167 460 1216 rursum,
477 1167 539 1204 eum
557 1167 671 1219 corpora
687 1167 774 1219 peuce
791 1151 888 1206 caloris

126 1226 259 1294 diffugere
276 1227 404 1295 seraeque
421 1242 473 1296 per
489 1242 520 1280 os
538 1229 581 1281 osi
599 1226 690 1280 editus
707 1243 762 1294 aer,

127 1301 230 1355 deserit
247 1302 386 1370 extemplo
404 1318 487 1356 venae
504 1303 588 1370 atque
605 1317 668 1355 ossa
682 1301 830 1370 relinquii3

126 1393 239 1431 noscere
256 1380 288 1431 ut
305 1377 368 1432 hino
386 1377 474 1447 possis
491 1393 545 1430 uon
562 1393 664 1446 aequas
681 1377 772 1430 omnia
788 1377 876 1447 pariis

125 1470 240 1522 corpore
256 1449 360 1509 habore
377 1470 466 1522 neque
484 1470 519 1508 ex
536 1469 623 1522 aequo
640 1452 737 1507 fulcire
755 1453 879 1522 sulutem,
941 1469 978 1509 121

126 1530 176 1584 sed
194 1531 279 1600 mugio
296 1530 371 1599 haee,
389 1529 464 1584 ronti
482 1546 552 1598 quae
570 1531 634 1583 eunt
652 1528 787 1598 calidique
804 1529 914 1601 vaporis

125 1606 234 1672 semine
252 1623 348 1661 curere
366 1607 394 1660 in
411 1604 542 1660 membris
559 1608 591 1659 ui
608 1605 665 1660 rita
682 1609 813 1661 moretur.

125 1684 170 1736 eet
186 1682 271 1751 igitur
287 1683 361 1738 calor
378 1699 410 1737 ue
428 1685 526 1736 ventus
543 1681 635 1736 ritulis
652 1681 680 1734 in
698 1681 757 1750 ipso

125 1774 239 1828 corpore
256 1761 303 1829 qui
320 1759 399 1814 nobis
416 1757 601 1813 moribundos·
611 1759 714 1812 deserit
732 1763 816 1813 artus.

125 1838 292 1904 quapropter
309 1835 436 1904 quoniam
454 1837 498 1888 esi
514 1834 597 1887 animi
614 1838 714 1888 nature
732 1838 842 1902 reperim
941 1851 976 1889 mo

124 1913 208 1978 atque
224 1910 331 1965 animae
347 1910 424 1979 quusi
440 1926 504 1978 pars
522 1909 646 1977 hominis,
664 1910 751 1971 redde
768 1908 917 1965 harmoniai

124 2001 230 2053 nomen,
247 1987 285 2039 ad
302 1986 443 2054 organicos
460 1987 516 2039 alto
535 1985 657 2039 delatum
677 1985 816 2050 Helieoni;

125 2061 183 2116 eive
200 2061 310 2115 aliunde
327 2061 380 2130 ipsi
397 2077 478 2130 porro
496 2064 608 2115 traxere
627 2065 656 2114 oi
673 2060 701 2112 in
718 2059 791 2113 iilam

124 2137 332 2204 transtulerunt,
349 2137 459 2206 proprio
478 2153 548 2205 quae
566 2140 626 2189 tum
643 2153 688 2190 res
705 2135 813 2188 nomine
830 2135 937 2204 egebat.

75 2222 77 2226 ’
124 2212 260 2281 quidquid
272 2213 367 2278 idest,
380 2213 514 2267 habeant:
526 2216 559 2265 tu
571 2217 663 2266 cetero.
675 2211 786 2280 percipe
799 2211 881 2265 dieta.
940 2230 976 2268 115

160 2287 186 2340 N
188 2305 240 2342 unc
258 2288 378 2341 animum
396 2291 480 2357 eique
497 2288 614 2342 animam
634 2289 695 2342 dico
713 2288 858 2342 coniuncto
874 2291 962 2344 teneri

124 2362 197 2417 inter
215 2379 245 2417 ee
262 2367 346 2434 atque
364 2380 446 2419 unum
462 2368 590 2419 naturam
608 2364 742 2419 conficere
759 2381 794 2418 ex
813 2381 849 2428 se,

124 2439 175 2493 sed
191 2444 273 2509 caput
290 2456 352 2495 esee
369 2441 446 2510 quasi
464 2445 494 2496 et
506 2442 645 2506 *dominari
662 2443 690 2495 in
708 2458 821 2510 corporo
839 2445 899 2496 toto

124 2515 265 2570 consilium
283 2518 358 2586 quod
375 2535 424 2572 noe
442 2519 562 2582 animum
580 2523 755 2587 mentemque
772 2534 906 2572 vocamus.

123 2591 208 2660 idque
226 2593 311 2648 situm
329 2595 421 2648 medie
436 2593 550 2663 regione
568 2596 596 2650 in
613 2596 733 2666 pectoris
751 2593 856 2649 haeret.
939 2607 975 2648 110

123 2667 167 2722 hio
185 2669 293 2723 exultat
310 2669 382 2723 enim
399 2687 485 2739 pavor
502 2687 535 2726 ee
551 2676 649 2740 metus,
668 2671 735 2725 haee
751 2669 812 2724 looe
828 2669 930 2724 circum

123 2742 246 2798 laetitiae
263 2744 399 2811 muleent3
416 2746 460 2800 hie
477 2763 544 2815 ergo
561 2763 639 2801 mens
657 2746 852 2813 animusquest.

124 2822 218 2873 coiere
235 2836 300 2889 pars
318 2820 423 2874 animae
439 2838 491 2891 per
507 2826 598 2887 totum
615 2822 714 2876 dissita
730 2835 830 2889 eorpus
900 2884 906 2893 ,

124 2899 204 2962 pareo
221 2899 251 2949 ei
268 2895 304 2949 ad
321 2912 422 2950 numen
439 2898 539 2952 montis
556 2911 720 2963 momenque
737 2897 871 2949 movetur.

122 2971 207 3040 idque
226 2971 277 3026 sibi
295 2971 382 3025 solum
399 2989 449 3043 per
467 2990 497 3028 se
515 2974 599 3044 sepio,
614 2973 650 3028 id
664 2972 724 3025 eim
737 2970 862 3037 genem,

120 3063 181 3099 oum
199 3063 291 3117 neque
309 3066 354 3104 res
373 3052 497 3108 animem
514 3067 613 3123 neque
629 3063 741 3118 eoique
759 3034 933 3097 mmmmm,
941 3037 1019 3075 xm*

110 3124 141 3174 oi
158 3124 243 3188 quasi,
262 3142 326 3180 eum
347 3135 440 3200 eaput
460 3135 514 3188 eui
534 3130 639 3186 oeuiue
655 3121 839 3192 mmmmm
858 3103 968 3156 &Nm
