2040 3426
101 118 156 174 146
512 110 539 167 V

98 218 187 273 dulcia
203 215 364 286 linquebant
380 214 499 271 labentis
516 214 620 270 11101100
635 215 717 272 vitae.

95 311 167 351 unus
183 295 255 348 euim
273 297 333 348 tum
350 293 466 362 quisque
484 292 570 360 magis
588 291 740 361 deprensus
757 309 851 348 eorum
926 308 964 350 000

95 370 196 441 pabula
213 370 274 423 viva
290 369 356 422 feris
375 368 533 438 praebebat,
551 368 681 424 dentibus
698 369 821 436 haustus,

97 449 126 500 et
143 462 256 500 nemora
273 462 305 499 ac
323 445 424 514 montis
441 446 546 512 gemitu
558 445 700 517 vsilvasque
718 444 843 513 replebat

95 522 158 576 viva
174 522 271 576 videns
287 522 352 589 vivo
370 521 480 591 sepeliri
498 522 603 595 viscera
620 522 710 575 busto.

97 601 127 652 at
144 615 212 666 quos
230 598 360 668 effugium
378 601 501 652 servarat
518 597 741 674 corporeades0,

96 675 234 744 posterius
246 675 384 749 ‚tremulas
402 691 485 744 super
502 675 594 729 ulcera
611 676 702 728 000010
719 676 847 729 tenentes
926 688 963 726 aas

96 751 201 820 palmas
218 751 359 806 horriferis
377 751 501 806 accibant
517 749 629 804 vocibus
648 749 758 816 Orcum,

97 826 216 893 donique
234 844 280 881 eos
298 828 355 882 vita
372 827 515 895 privarant
531 826 655 880 vermina
672 842 754 879 saeva

96 903 219 971 expertis
236 904 303 973 opis
321 904 430 970 ignaros
448 903 514 972 quid
531 902 643 956 volnera
659 901 768 956 vellent.

97 981 127 1032 at
144 995 198 1032 non
215 980 301 1033 multa
318 980 408 1032 virum
426 979 477 1033 sub
495 977 578 1046 signis
596 977 671 1031 milia
689 976 773 1030 dueta

96 1069 151 1107 una
169 1054 229 1107 dies
247 1055 331 1108 dabat
348 1055 431 1108 exitio
449 1071 500 1108 nec
518 1053 630 1107 turbida
647 1052 724 1121 ponti
914 1067 964 1107 1000

96 1145 215 1198 aequora
232 1130 362 1199 fligebant
379 1132 455 1184 navis
473 1130 510 1184 ad
528 1146 593 1184 saxa
611 1129 744 1198 virosque.

96 1206 140 1260 hio
157 1209 262 1260 temere
278 1207 307 1260 in
325 1223 432 1261 cassum
449 1207 553 1261 frustra
569 1223 645 1260 111010
663 1222 745 1274 saepe
763 1206 899 1275 coortum

97 1281 219 1336 saevibat
236 1282 388 1352 leviterque
406 1282 494 1338 minas
510 1282 632 1353 ponebat
649 1281 744 1347 inanis,

96 1375 147 1413 nec
164 1362 274 1429 poterat
291 1377 454 1430 quemquam
472 1359 573 1430 placidi
590 1357 704 1428 pellacia
720 1356 799 1424 ponti

95 1435 209 1489 subdola
226 1437 354 1505 pellicere
370 1437 399 1490 in
416 1438 540 1490 fraudem
557 1434 711 1490 ridentibus
728 1432 817 1486 undis.
914 1447 962 1488 1005

96 1525 205 1558 IMPROBA
216 1527 314 1560 NAVIGII
327 1528 397 1561 RA'I'IO
410 1529 462 1561 1011
474 1528 552 1562 CAEGA
566 1526 670 1560 messer

96 1590 156 1641 tum
173 1588 288 1656 penuria
306 1588 406 1643 deinde
424 1589 479 1643 cibi
496 1589 653 1657 languentia
670 1589 728 1642 leto

96 1662 220 1716 menlbra
238 1662 330 1730 dabat,
349 1667 445 1718 contra
461 1681 533 1718 nunc
551 1680 644 1717 rerum
662 1663 741 1733 copia
757 1666 869 1719 mersat.

96 1735 135 1791 illi
153 1737 331 1806 inprudentes
348 1739 402 1808 ipsi
413 1739 470 1809 ¹sibi
489 1756 571 1809 saepe
589 1755 722 1794 venenum
798 1756 804 1766 ’

95 1814 254 1883 vergebant,
272 1816 367 1884 nuptia
384 1832 462 1869 000000
480 1815 555 1885 dant
566 1815 695 1869 sollertiu'
715 1815 814 1885 sponsi.
914 1829 963 1869 1010
1007 1823 1009 1826 ’

131 1890 202 1945 Inde
219 1907 295 1945 casas
311 1893 375 1960 post
392 1907 474 1960 quam
491 1907 524 1944 ac
539 1891 619 1973 pellis
636 1891 784 1961 ignemque
802 1897 943 1960 pararunt,

96 1968 125 2021 et
141 1966 240 2020 mulier
257 1966 401 2022 coniuncta
417 1967 476 2021 viro
493 1967 628 2022 concessit
645 1967 674 2020 in
691 1984 774 2020 unum

96 2042 247 2111 conubium,
266 2043 425 2113 prolemque
443 2061 478 2098 ex
496 2060 526 2098 se
542 2044 637 2098 videre
654 2046 782 2112 croatam,

79 2121 155 2172 -tum
172 2135 259 2187 genus
276 2120 424 2173 humanum
440 2119 559 2189 primum
576 2121 734 2174 mollescere
751 2118 850 2187 coepit

94 2194 167 2262 ignis
184 2195 255 2248 enim
273 2195 378 2249 curavit
395 2198 428 2249 ut
445 2195 513 2249 alsia
531 2212 645 2264 corpora
662 2195 749 2264 frigus
913 2210 962 2250 1010

94 2287 148 2324 000
165 2271 206 2325 ita
222 2271 277 2324 1010
294 2274 407 2342 possent
425 2271 492 2325 00011
510 2270 560 2325 sub
578 2271 700 2338 tegmine
717 2271 798 2340 ferre,

24 2353 30 2359 '
95 2351 124 2401 et
143 2347 237 2402 Venus
255 2348 382 2401 inminuit
399 2347 464 2402 viris
481 2346 614 2419 puerieme
631 2352 775 2417 parentum

94 2422 234 2477 blanditiis
250 2424 330 2478 facile
347 2424 487 2492 ingenium
504 2422 612 2491 fregere
630 2423 784 2493 superbum.

94 2503 160 2552 tunc
178 2502 208 2552 et
225 2499 371 2553 amicitiem
388 2503 537 2569 coeperunt
553 2500 666 2568 iungere
684 2505 795 2555 aventes

95 2574 211 2629 finitimi*
221 2574 295 2629 inter
312 2592 342 2630 se
359 2592 409 2630 nec
426 2575 538 2631 laedere
555 2593 606 2630 nec
622 2575 726 2642 violari,
914 2591 963 2631 1000

95 2653 125 2704 00
141 2667 240 2720 pueros
257 2651 484 2706 commendarunt
502 2652 691 2721 muliebreque
708 2653 835 2722 saeclum,

94 2727 204 2781 vocibus
222 2730 252 2782 et
268 2731 350 2796 gestu
367 2743 429 2783 cum
446 2727 527 2783 balbe
544 2728 731 2795 significarent

94 2802 290 2871 imbecillorum
308 2820 368 2859 esse
386 2820 480 2858 aecum
498 2805 655 2858 misererier
672 2805 767 2860 omnis.

94 2895 145 2932 000
162 2882 255 2934 000100
273 2879 435 2934 omnimodis
452 2881 561 2947 poterat
578 2880 723 2935 eoncordia
739 2880 822 2950 gigni,

92 2953 144 3007 sed
161 2953 233 3008 bona
250 2973 403 3025 magnaque
420 2973 485 3026 pars
503 2955 632 3010 servabat
650 2957 761 3011 foedera
778 2957 868 3021 caste3
912 2971 962 3012 1021

75 3030 130 3076 0110
142 3044 239 3092 genus
254 3031 411 3089 humanum
429 3033 484 3088 iam
501 3035 563 3088 01101
580 3032 652 3086 10100
669 3048 749 3086 omne
764 3034 940 3100 peremptum

57 3109 116 3147 ¹¹00
128 3105 281 3165 potuisset
300 3111 400 3168 adhuc
418 3111 583 3184 perducere
600 3107 693 3165 saecla
706 3121 838 3176 propage.

79 3170 133 3222 At
154 3181 253 3236 varios
271 3184 399 3258 linguae
419 3190 537 3248 sonitus
555 3190 666 3244 natura
681 3181 796 3245 subegit
