2040 3426
97 115 154 172 100
489 109 561 166 1111

92 217 265 285 nequiquam,
283 213 413 283 quoniam
429 229 493 282 pars
510 213 608 266 horum
626 213 744 267 maxime
759 213 831 268 fallit

92 295 205 363 propter
222 291 348 358 opinatus
366 290 449 343 animi
466 306 534 358 qnos
551 289 677 343 addimus
695 289 755 358 ipsi,
913 304 951 345 sos

91 384 143 437 pro
161 367 225 420 visis
243 369 274 419 ut
293 366 347 419 sint
365 382 435 434 quae
453 382 507 418 non
525 369 589 420 sunt
607 365 723 420 sensibu’
742 366 809 419 visa.¹

91 461 154 498 narn
172 443 210 496 nil
227 441 336 509 aegrius
353 446 397 496 est
415 458 496 511 quam
514 458 559 495 res
577 457 718 496 secernere
736 445 846 510 apertas

91 520 126 573 ab
144 518 242 587 dubiis,
260 517 366 572 animus
384 535 452 585 quas
470 514 552 572 ab'so
570 518 695 586 protinus
713 518 798 572 addit.

126 595 252 663 Denique
269 593 307 647 nil
326 595 387 648 seiri
406 594 490 664 siquis
508 597 596 662 putat,
614 593 644 646 id
662 609 771 662 quoqne
788 593 876 649 nescit

91 687 126 724 an
145 670 207 724 sciri
224 670 319 740 possit,
339 672 466 739 quoniam
485 670 524 723 nil
543 671 611 724 seire
628 670 740 725 fatetur.
913 683 951 725 oro

90 746 162 800 hunc
179 747 263 814 igitur
282 750 379 800 contra
396 745 504 800 mittam
524 745 690 800 contendere
708 761 824 812 eausam,

91 823 138 892 qui
156 822 245 891 capito
263 822 322 892 ipse
341 839 390 876 sua
406 822 434 874 in
451 822 551 876 statuit
569 821 684 890 vestigia
702 837 768 875 sese.

90 903 119 953 et
137 902 230 953 tamen
247 899 298 952 hoc
316 915 425 967 quoque
443 899 483 951 uti
502 897 649 951 concedam
668 897 744 966 seire,
762 902 791 951 at
808 896 839 950 id
860 897 949 966 ipsum

90 992 227 1045 quaeram,
245 992 305 1029 eum
323 976 351 1028 in
369 975 452 1028 rebus
470 974 530 1027 veri
546 974 585 1027 nil
603 974 706 1027 viderit
723 976 795 1039 ante,

90 1052 163 1104 unde
181 1053 249 1104 sciat
268 1051 335 1118 quid
353 1051 389 1104 sit
407 1050 476 1103 seire
494 1053 524 1103 et
541 1049 647 1103 nescire
665 1049 791 1115 vicissim,
913 1063 951 1103 475

91 1127 216 1180 notitiam
235 1127 292 1179 veri
310 1143 381 1195 quae
399 1143 444 1179 res
461 1126 577 1192 falsique
595 1126 695 1180 crearit

91 1207 120 1256 ct
138 1203 251 1256 dubium
269 1207 344 1255 certo
363 1219 433 1270 quae
451 1219 496 1255 res
515 1202 626 1256 differre
644 1201 777 1271 probarit

90 1279 210 1331 invenies
228 1278 322 1346 primis
340 1277 375 1331 ab
394 1277 519 1331 sensibus
538 1293 597 1331 esso
615 1281 735 1331 creatam

90 1354 216 1408 notitiem
234 1355 292 1408 veri
310 1371 398 1424 neque
417 1371 512 1408 sensus
529 1353 722 1422 posserefelli.

90 1448 153 1484 nam
170 1431 272 1484 maiore
283 1430 346 1484 'tide
364 1431 448 1484 debet
467 1429 612 1497 reperirier
629 1428 704 1495 illud,
772 1442 778 1454 ·

90 1509 187 1574 sponte
205 1522 254 1560 sua
271 1507 342 1560 veris
361 1505 435 1572 quod
452 1505 539 1572 possit
557 1504 665 1558 vincere
683 1504 758 1558 falsa

91 1582 158 1651 quid
175 1583 277 1636 maiore
295 1581 350 1634 fide
368 1598 449 1648 porro
468 1597 549 1649 quam
568 1596 663 1634 sensus
680 1579 776 1634 baberi

90 1658 191 1712 debet?
209 1673 243 1709 an
262 1657 296 1710 ab
315 1672 396 1709 sensu
414 1656 482 1709 falso
500 1657 570 1710 ratio
588 1658 650 1710 orta
666 1655 769 1709 valebit

91 1733 181 1786 dicere
199 1748 244 1785 eos
262 1735 364 1798 contra,
383 1746 452 1798 quae
471 1734 531 1785 tota
547 1729 582 1785 ab
602 1731 727 1786 sensibus
744 1734 805 1785 orta
822 1732 882 1786 esti

91 1808 138 1876 qui
155 1807 208 1860 nisi
226 1811 291 1862 sunt
307 1808 372 1875 veri,
391 1807 462 1860 ratio
481 1824 591 1877 quoque
608 1809 676 1861 falsa
693 1808 726 1862 fit
743 1807 838 1861 omnis.
911 1823 951 1862 sss

89 1900 125 1937 un
142 1886 274 1952 poterunt
291 1882 382 1936 oeulos
400 1899 481 1935 aures
498 1882 714 1951 reprehendere,-
726 1900 761 1936 an
780 1900 860 1937 aures

90 1960 197 2013 tactust
216 1975 251 2011 an
268 1959 341 2013 hunc
357 1975 438 2027 porro
457 1962 561 2012 tactum
580 1975 661 2028 sapor
678 1963 776 2026 arguet
793 1958 856 2025 oris,

90 2051 125 2088 au
142 2034 322 2088 confutabunt
339 2052 420 2089 nares
438 2034 542 2088 oculive
560 2036 714 2090 revincent?

91 2128 153 2179 non,
172 2112 205 2164 ut
222 2111 325 2179 opinor,
345 2112 384 2164 ita
402 2117 451 2165 cst.
471 2127 533 2163 nam
553 2128 675 2165 seorsum
693 2112 791 2181 cuique
808 2114 933 2180 potestas

92 2187 213 2254 divisast,
231 2187 337 2240 suavis
355 2188 487 2255 cuiquest,
507 2187 625 2256 ideoque
642 2202 753 2241 necesse
771 2190 814 2240 est
912 2202 951 2242 rao

91 2267 121 2317 et
138 2264 212 2333 quod
230 2263 312 2316 molle
330 2262 367 2317 sit
384 2269 414 2318 ct
431 2263 552 2330 gelidum
570 2265 712 2318 fervensve
729 2279 855 2317 seorsum

92 2343 121 2393 et
138 2357 258 2395 seorsum
278 2338 366 2391 varios
384 2355 476 2392 rerum
495 2341 598 2394 sentire
616 2341 719 2395 colores

92 2417 122 2467 et
140 2430 325 2484 quaecumque
344 2414 472 2467 coloribu'
490 2416 546 2470 sint
563 2418 706 2472 coniuncta
723 2416 825 2470 eadee.

92 2505 200 2542 seorsus
217 2489 285 2543 item
304 2505 383 2557 saper
402 2489 456 2541 oris
474 2490 559 2546 habet
576 2494 638 2559 vim,
656 2509 763 2546 seorsus
781 2491 879 2545 odores

92 2568 246 2632 nascuntur,
264 2583 369 2619 sorsum
388 2564 500 2619 sonitus.
518 2568 636 2636 ideoque
652 2585 762 2622 necesse
779 2571 823 2622 cst
912 2582 951 2622 ret

92 2654 147 2694 non
164 2641 269 2707 possint
286 2641 351 2695 alios
369 2642 413 2695 alii
432 2642 591 2696 convincere
609 2660 711 2698 sensus.

93 2732 144 2770 nce
160 2732 241 2784 porro
258 2722 388 2786 poterunt
405 2719 456 2786 ipsi
475 2719 678 2788 reprehendere
695 2736 763 2786 sese,

93 2807 181 2860 aequa
198 2793 267 2848 fides
286 2794 412 2863 quoniam
431 2795 544 2851 debebit
562 2813 671 2865 semper
687 2795 790 2850 haberi.

94 2868 208 2936 proinde
226 2871 300 2939 quod
315 2872 342 2927 in
360 2876 494 2939 quoquest
508 2872 551 2926 his
565 2873 652 2926 visum
670 2875 801 2939 tempore,
818 2875 950 2928 verumst.

94 2946 124 2998 et
142 2943 164 2994 si
181 2961 235 2997 non
252 2948 355 3014 poterit
372 2948 443 3001 ratio
461 2948 609 3003 dissolvere
627 2965 743 3014 causam,
913 2963 952 3002 ooo

82 3032 137 3099 cur
151 3034 186 3071 ea
203 3037 276 3088 quae
290 3022 396 3078 fuerint
414 3023 514 3080 iuxtim
532 3024 676 3094 quadratu,
692 3023 786 3092 procul
804 3022 862 3076 sint

68 3102 127 3160 tm
144 3096 279 3166 rutunda,
302 3104 401 3156 tamen
419 3106 552 3174 praestat
568 3100 687 3157 rationis
703 3101 834 3164 egentem

45 3157 181 3222 reddero
199 3174 347 3236 mendose
367 3195 476 3240 caunas
495 3180 656 3251 utriusque
671 3175 793 3244 tumne,
