2040 3426
486 107 517 170 V
876 117 931 176 151

83 236 134 291 per
150 218 255 274 caelum
272 220 343 274 volvi
361 218 427 288 quia
443 233 498 270 nox
515 221 545 270 et
561 216 626 271 luna
642 217 761 289 videtur,

83 295 147 351 luna
164 296 224 350 dies
236 299 270 350 et
287 313 341 349 nox
358 301 387 350 et
404 294 493 349 noctis
512 293 589 361 signa
606 309 701 348 severa
886 313 935 352 nso

83 374 296 440 noctivagaeque
313 372 387 426 laces
404 369 472 424 caeli
490 369 671 444 flammaeque
688 372 819 443 volantes,

84 451 176 504 nubila
193 449 233 502 sol
251 447 352 502 imbres
369 447 417 500 nix
434 447 640 502 veuti‘fulmin'a
656 449 761 516 grando

84 530 113 581 et
130 525 219 596 rapidi
236 526 361 579 fremitus
378 528 408 578 et
424 540 565 579 murmura
582 535 681 593 magua
697 526 839 580 minarum.

119 603 142 656 Ο
160 618 247 670 genus
262 601 357 655 infelix
375 602 531 670 humanum,
548 601 615 655 talia
633 601 703 655 divis

83 695 144 732 oum
162 678 260 733 tribuit
275 678 349 732 facta
366 681 451 747 atque
466 677 521 730 iras
539 677 665 733 adiunxit
681 676 809 732 acerbas!
886 691 934 732 nst

83 757 199 823 quantos
216 758 274 808 tum
293 754 413 822 gemitus
430 753 483 822 ipsi
501 752 561 822 sibi,
579 757 735 824 quantaque
752 752 830 808 nobis

83 830 201 898 volnera,
218 847 286 898 quas
302 829 429 883 lacrimas
445 846 579 899 peperere
596 830 737 884 minoribu’
755 829 869 884 nostris!

83 922 134 961 nec
150 906 239 975 pietas
257 906 340 959 ullast
357 904 478 960 velatum
496 922 578 975 saepe
596 906 684 960 videri
827 968 829 972 ι

82 981 185 1036 vertier
202 981 238 1035 ad
254 982 374 1050 lapidem
391 985 475 1051 atque
492 983 579 1036 omnis
597 982 729 1036 accedere
747 980 783 1034 ad
801 997 863 1035 aras

82 1073 132 1112 nec
140 1057 401 1126 procumberehumi
410 1061 579 1127 prostratum
588 1061 617 1113 et
626 1057 747 1126 paudere
755 1057 860 1126 palmas
885 1070 934 1110 mco

81 1136 147 1188 ante
164 1133 247 1188 deum
264 1134 379 1187 delubra
395 1151 445 1188 nee
463 1151 525 1188 aras
542 1136 673 1203 sanguine
690 1134 778 1188 multo

82 1226 211 1280 spargere
228 1209 437 1278 quadrupedum
455 1226 506 1264 nec
523 1211 594 1264 votis
610 1214 722 1266 nectere
739 1212 811 1278 vota,

80 1286 131 1340 sed
148 1302 227 1354 mage
245 1289 344 1354 pacata
360 1301 440 1353 posse
459 1285 550 1338 omnia
567 1289 660 1339 mente
678 1286 760 1340 tueri.

80 1379 144 1416 nam
161 1379 223 1417 cum
242 1361 402 1430 suspicimus
419 1360 512 1428 magni
529 1360 658 1414 caelestia
674 1361 771 1415 mundi

80 1438 192 1508 templa,
204 1453 288 1506 super
299 1437 439 1505 stellisque
450 1436 615 1490 micantibus
626 1437 740 1490 aethera
752 1437 845 1505 fixum,
883 1450 935 1509 1111

80 1516 111 1568 11
128 1514 204 1568 venit
221 1513 250 1567 in
268 1516 389 1567 mentem
406 1513 469 1566 solis
486 1512 629 1583 lunaeque
639 1513 753 1581 viarum,

80 1592 147 1644 tunc
165 1589 225 1644 aliis
243 1605 373 1660 oppressa
389 1590 468 1644 malis
486 1588 514 1642 in
532 1593 644 1660 pectora
661 1606 727 1644 cura

80 1665 128 1719 illa
144 1682 254 1734 quoque
271 1665 492 1733 expergefactum
511 1669 594 1738 caput
613 1665 719 1735 erigere
736 1667 806 1736 iniit,

79 1757 186 1810 nequae
203 1742 275 1794 forto
293 1740 376 1795 deum
394 1742 472 1796 nobis
489 1742 612 1802 inmensa
628 1746 751 1811 potestas

80 1817 123 1884 sit,
142 1817 217 1871 vario
234 1820 311 1870 motu
329 1834 401 1886 quae
418 1818 542 1887 candida
551 1818 643 1872 sidera
661 1822 758 1873 verset.
884 1831 932 1894 ¹²¹9

79 1896 199 1962 temptat
217 1893 289 1946 euim
307 1892 419 1946 dubiam
436 1895 557 1947 mentem
574 1894 687 1946 rationis
704 1895 821 1960 egestas,

80 1985 246 2038 ecquaenam
262 1968 348 2022 inerit
365 1967 458 2020 mundi
476 1967 603 2033 genitalis
621 1968 705 2034 origo,

79 2048 109 2098 et
127 2045 208 2099 simul
225 2059 327 2111 ecquae
345 2042 381 2096 sit
398 2042 468 2109 finis,
487 2041 578 2110 quoad
593 2042 702 2095 moenia
718 2041 813 2095 mundi

79 2120 188 2174 solliciti
205 2122 296 2174 motus
313 2119 385 2172 hunc
402 2117 508 2188 possint
525 2117 599 2172 ferre
615 2116 746 2184 laborem,

79 2213 115 2250 11
133 2195 264 2250 divinitus
281 2198 393 2248 aeterna
411 2193 513 2248 donata
530 2193 619 2247 salute
882 2207 929 2247 1111

78 2275 212 2341 perpetuo
230 2271 338 2342 possint
355 2271 415 2324 aevi
429 2269 552 2325 labentia
569 2270 662 2323 tractu

78 2348 194 2402 inmensi
211 2347 314 2402 validas
332 2347 392 2400 aevi
410 2349 584 2401 contemnere
602 2343 675 2399 viris.

78 2427 222 2493 praeterea
240 2424 283 2477 cui
300 2439 354 2476 non
372 2423 477 2476 animus
494 2420 640 2476 formidine
658 2419 756 2475 divum-

78 2499 254 2565 oontrehitur‚
273 2499 316 2552 cui
333 2516 387 2552 non
404 2500 553 2568 correpunt
569 2496 693 2552 membra
709 2513 818 2566 pavore,

78 2575 196 2628 fulminis
213 2573 336 2628 horribili
353 2591 414 2629 cum
432 2575 514 2644 plaga
530 2573 636 2628 torrida
653 2573 735 2628 tellus
880 2586 929 2625 raro

78 2650 225 2705 contremit
242 2653 272 2704 et
289 2666 417 2717 magnum
435 2653 599 2719 percurrunt
615 2666 755 2704 murmura
772 2649 893 2703 1111111111

77 2743 132 2780 non
150 2725 243 2796 populi
259 2728 409 2792 gentesque
426 2729 555 2792 tremunt,
573 2740 706 2794 regesque
723 2722 834 2793 superbi

78 2802 231 2871 corripiunt
248 2801 340 2854 divum
357 2801 479 2869 percussi
497 2801 620 2855 membra
636 2801 743 2866 timore,

77 2877 179 2948 nequid
197 2878 232 2931 ob
250 2875 400 2930 admissum
417 2876 497 2929 foede
514 2875 653 2930 dictumve
670 2874 788 2944 superbe

77 2969 226 3023 poenarum
244 2968 328 3021 grave
346 2951 382 3005 sit
400 2951 523 3005 solvendi
540 2954 648 3020 tempus
665 2951 808 3007 adultuml
878 2965 924 3005 1215

77 3047 183 3084 summa
200 3031 283 3084 etiam
300 3043 362 3082 cum
379 3026 421 3082 ris
438 3027 551 3082 violenti
568 3043 618 3097 per
634 3044 713 3082 mare
727 3028 812 3082 uenti

69 3106 296 3174 induperatorem
313 3105 412 3163 classis
430 3122 516 3179 super
533 3121 662 3177 aequora.
673 3103 771 3160 111111
835 3170 842 3182 ¹

62 3195 126 3234 cum
146 3183 246 3240 validis
264 3187 378 3258 pariter
394 3186 567 3262 legionibus
583 3187 681 3258 atque
696 3173 885 3247 absumamuss
