2040 3426
97 116 153 172 144
498 107 533 167 V.

92 218 172 272 nixus
189 217 217 270 in
234 216 285 271 lroc
303 233 357 272 uno
374 219 503 275 novitatis
520 215 630 270 nomine
646 215 727 283 inani,

93 294 180 348 multa
196 292 266 359 licet
279 292 359 345 simili
377 295 483 346 ratione
500 291 609 346 effutiat
626 308 681 359 ore,
900 308 938 348 oro

93 387 176 424 aurea
193 372 253 422 tum
271 367 346 422 dicat
363 385 413 437 per
430 372 519 424 terras
537 368 649 423 flumina
666 367 747 436 vulgo

93 444 204 499 fluxisse
222 446 251 498 et
267 446 382 510 gemmis
399 445 497 499 llorere
514 444 626 499 arbusta
644 443 736 498 sudsse

92 525 141 575 aut
157 520 293 574 hominem
311 523 388 574 tanto
406 521 590 574 membrorum
608 535 668 572 esse
685 519 788 587 impote
807 523 910 586 natum,

92 595 271 652 transmaria
288 595 344 649 alta
361 596 464 666 pedum
481 596 556 649 nisus
574 597 606 648 ut
623 610 725 663 ponere
742 599 836 662 posset

93 675 123 726 et
139 671 264 725 manibus
283 674 373 725 totum
390 673 492 726 circum
512 688 541 725 se
557 673 667 724 vortere
685 671 796 724 caelum.
908 687 944 726 ars

92 765 155 802 nam
173 747 247 816 quod
265 747 351 801 multa
367 747 444 802 fuere
462 747 491 800 in
509 747 591 801 terris
609 745 713 800 semina
729 762 821 799 rerum

65 830 68 836 '
91 831 286 894 temporeque
304 824 421 892 primum
439 824 521 878 tellus
539 823 664 876 animalia
681 821 761 891 fudit,

91 901 130 954 nil
148 904 240 954 tamen
259 902 302 964 est
320 899 390 968 signi
408 900 510 953 mixtas
527 899 650 968 potuisse
668 898 754 951 creari

90 976 164 1030 inter
181 992 212 1030 se
228 975 348 1044 pecudes
366 979 560 1043 compactaque
578 973 700 1027 membra
718 974 893 1038 animantum,

90 1055 237 1120 propteroa
248 1052 312 1119 quia
323 1067 393 1118 quae
406 1051 441 1104 de
454 1051 535 1104 terris
547 1066 618 1103 nunc
630 1065 739 1117 quoque
751 1050 891 1102 abundant
908 1064 945 1102 999

92 1128 237 1180 herbarum
254 1144 357 1195 genera
374 1143 405 1180 ac
422 1127 516 1194 fruges
533 1125 702 1193 arbustaque
720 1126 792 1178 laeta

91 1219 144 1255 non
162 1206 254 1256 tamen
272 1203 344 1256 inter
362 1219 391 1257 se
409 1205 524 1273 possunt
541 1201 682 1269 complexa
695 1201 789 1267 creari,

92 1278 141 1332 sed
158 1295 203 1331 res
220 1295 344 1348 quaeque
362 1295 410 1332 suo
428 1279 485 1331 ritu
501 1277 627 1346 procedit
645 1280 674 1330 et
691 1292 784 1329 omncs

90 1354 202 1408 foedere
218 1358 333 1408 naturae
351 1357 427 1408 certo
446 1353 736 1408 discrimina‘servant.

127 1430 167 1483 At
184 1446 270 1497 genus
285 1430 432 1483 humanum
450 1430 537 1483 multo
555 1430 607 1482 luit
624 1428 693 1482 illud
709 1427 738 1480 in
755 1428 827 1480 arvis
907 1443 945 1481 aas

91 1506 192 1572 durius,
211 1508 244 1559 ut
262 1505 360 1572 docuit,
378 1505 461 1558 tellus
478 1504 552 1572 quod
570 1505 639 1557 dura
657 1507 784 1569 creasset,

90 1586 120 1635 ot
136 1581 283 1634 maioribus
300 1585 329 1633 et
347 1579 439 1634 solidis
457 1581 545 1648 magis
562 1579 667 1633 ossibus
685 1579 774 1638 intus,

89 1657 241 1722 fundatum,
259 1655 354 1709 validis
371 1659 467 1724 aptum
484 1671 534 1724 per
551 1656 654 1709 viscera
671 1655 768 1721 nervis,

91 1749 140 1786 ncc
158 1731 236 1783 facile
254 1747 288 1783 ex
307 1733 385 1783 aestu
402 1746 452 1784 nec
470 1731 571 1798 frigore
590 1731 663 1798 quod
681 1735 827 1799 caperetur

90 1825 139 1861 noc
157 1806 279 1860 novitate
296 1804 350 1859 cibi
368 1822 417 1859 nec
435 1805 491 1858 labi
509 1807 629 1874 corporis
646 1805 710 1859 ulla.
906 1823 945 1862 999

91 1885 229 1952 multaque
246 1899 297 1952 per
315 1881 420 1937 caelum
438 1882 502 1936 solis
520 1882 657 1937 volventia
673 1881 762 1936 lustra

89 1959 229 2028 volgivago
248 1960 332 2014 vitam
351 1958 508 2014 tractabant
525 1976 601 2013 more
618 1959 745 2013 ferarum.

89 2053 140 2090 noc
158 2035 286 2089 robustus
304 2039 364 2090 erat
382 2036 458 2089 curvi
476 2034 633 2089 moderator
650 2035 735 2088 aratri

89 2112 241 2180 quisquam,
259 2128 309 2165 neo
327 2110 415 2165 scibat
432 2111 504 2164 ferro
523 2110 644 2164 molin'er
661 2127 725 2164 arva

89 2203 140 2241 nec
157 2203 226 2240 nova
244 2186 374 2240 defodere
391 2187 420 2240 in
438 2191 541 2240 terram
559 2187 678 2254 virgulta
696 2203 784 2255 nequo
802 2186 865 2240 altis
904 2201 943 2242 939

89 2262 232 2317 arboribus
249 2266 357 2317 veteres
375 2262 504 2316 decidere
522 2262 629 2316 falcibu’
650 2279 746 2316 ramos.

89 2339 163 2408 quod
182 2338 222 2391 sol
240 2341 323 2407 atque
340 2339 443 2393 imbres
462 2339 604 2407 dederant,
623 2339 698 2407 quod
715 2342 790 2391 terra
807 2340 915 2391 crearat

90 2417 187 2483 sponte
205 2429 260 2480 sua,
279 2414 346 2466 satis
363 2413 393 2466 id
410 2415 537 2482 placabat
554 2417 668 2484 pectora
686 2415 793 2466 donum.

88 2489 254 2557 glandiferas
272 2487 346 2541 inter
363 2490 496 2543 curabant
513 2506 628 2559 corpora
646 2505 761 2557 quercus

89 2565 265 2634 plerumque;
283 2565 312 2616 ct
329 2581 399 2632 quae
417 2582 489 2618 nunc
506 2565 618 2618 hiberno
637 2568 761 2633 temporo
779 2564 867 2617 cernis
902 2577 942 2618 949

90 2640 179 2694 arbita
195 2640 309 2708 puniceo
327 2640 387 2693 fieri
405 2645 513 2695 matura
531 2641 628 2710 colore,

88 2717 203 2786 plurima
220 2722 280 2772 tum
298 2716 378 2771 tellus
396 2718 480 2772 etiam
497 2718 600 2772 maiora
616 2718 728 2772 ferebat.

89 2794 228 2862 multaque
245 2797 389 2863 practerea
405 2795 512 2849 novitas
529 2799 589 2849 tum
607 2795 704 2848 florida
720 2793 814 2848 mundi

88 2868 187 2938 pabula
205 2871 274 2924 dura
291 2871 363 2938 tulit,
381 2872 488 2925 miseris
505 2870 665 2925 mortalibus
684 2871 780 2938 ampla.

82 2949 116 2996 at
130 2946 232 2999 sedare
248 2947 323 3000 sitim
341 2946 416 3002 fluvii
433 2949 577 3018 fontesque
594 2947 734 3014 vocabant,
902 2963 940 3002 ars

65 3019 101 3065 nt
115 3034 195 3073 nunc
211 3023 358 3078 montibus
377 3041 393 3080 o
410 3024 519 3096 magnis
537 3025 669 3080 decursus
684 3022 765 3092 aquai

47 3085 142 3172 Claru'
159 3094 234 3149 citat
254 3099 314 3154 late
334 3101 466 3160 sitientia
484 3103 578 3160 saecla
595 3103 729 3157 ferarum.

32 3153 170 3228 dffllfflw
187 3177 264 3228 nota
283 3181 354 3248 vagi
372 3181 527 3240 silvestria
544 3178 658 3251 templa
672 3175 814 3233 tenebunt
