2040 3426
72 119 109 176 62
469 113 522 171 111

71 221 198 289 effugisse
215 218 311 274 volunt
327 218 407 287 longe
424 218 558 287 longeque
575 233 704 286 remeses,

71 296 201 364 sanguine
218 294 291 349 civili
308 310 368 348 rem
385 293 506 347 conflant
523 293 687 363 divitiasque
903 310 933 353 ac

71 371 266 439 conduplicant
282 368 363 437 aridi,
382 370 494 423 caedem
507 369 591 424 caede
608 369 830 438 accumulantes;

72 447 197 500 crudeles
214 446 337 514 gaudent
353 446 380 499 in
398 445 473 500 tristi
489 447 586 499 funere
603 446 696 501 fratris

71 526 101 577 et
118 522 348 590 consanguineum
365 538 473 576 mensas
490 521 573 575 edere
591 522 752 592 timentque.

71 598 204 652 consimili
221 598 328 652 ratione
345 598 380 651 ab
398 597 494 651 eodem
513 614 596 668 saepe
613 599 712 653 timore

71 678 192 729 macerat
209 673 319 729 invidia.
337 677 401 727 ante
419 673 511 727 oculos
528 673 603 727 illum
622 690 682 728 esse
700 680 849 746 potentem,
901 690 930 733 ts

70 750 147 804 illum
165 751 309 820 aspecturi,
327 749 400 804 claro
417 749 464 817 qui
481 748 587 803 incedit
603 750 712 819 honore,
995 761 998 767 '

72 827 123 896 ipsi
142 844 172 881 se
188 828 217 880 in
235 826 357 897 tenebris
375 823 445 879 volvi
464 841 602 894 caenoque
620 832 780 895 queruntur.

72 903 214 957 intereunt
231 904 331 971 partim
350 903 504 954 statuarum
522 904 552 954 et
569 902 686 955 nominis
703 918 775 971 ergo.

71 982 100 1031 et
118 995 200 1047 saepe
218 993 305 1045 usque
322 976 400 1042 adeo,
417 976 514 1029 mortis
532 976 685 1046 formidine,
703 979 777 1032 ritae

71 1054 189 1123 percipit
207 1052 340 1105 humanm
357 1051 450 1104 edium
463 1050 590 1125 lucisque
607 1052 749 1120 ridendae,
898 1072 928 1111 se

72 1133 104 1183 ut
121 1129 173 1182 sibi
192 1128 361 1182 consciscant
378 1127 512 1180 maerenti
530 1131 643 1197 pectere
660 1129 747 1183 letum

72 1204 151 1258 obliti
169 1205 274 1257 iontem
292 1219 419 1257 curarum
436 1202 508 1257 hunc
526 1220 586 1258 esse
603 1205 738 1273 timorem,

72 1280 142 1335 hunc
160 1296 260 1335 vexare
277 1279 418 1350 pudorem,
435 1279 508 1333 hunc
526 1279 633 1333 nucula
650 1280 780 1334 amicitiai

71 1373 199 1426 rumpere
217 1356 291 1411 etin
309 1372 414 1409 summa
430 1356 563 1425 pietatem
581 1359 705 1410 evertere
721 1357 813 1412 fundo.

70 1449 133 1486 nam
150 1434 203 1487 iam
219 1449 299 1502 saepe
314 1432 437 1486 homines
455 1432 574 1501 patriam
591 1448 722 1501 carosque
739 1436 862 1502 parentis
896 1455 925 1494 ss

71 1509 261 1577 prodidemmt,
279 1509 367 1562 vitare
386 1508 538 1562 Acherusia
556 1507 659 1576 templa
675 1512 810 1577 petentes.

70 1601 133 1637 nam
151 1583 236 1637 veluti
253 1583 332 1652 pueri
350 1583 491 1651 trepidant
509 1587 594 1652 atque
611 1584 703 1637 omnia
720 1585 808 1639 caecis

70 1660 98 1712 in
116 1658 239 1713 tenebris
255 1661 391 1725 metuunt,
411 1658 450 1712 sic
468 1675 518 1713 uos
535 1659 564 1713 in
575 1660 643 1714 luce
660 1661 788 1715 timemus

70 1735 216 1800 interdum,
235 1733 289 1786 nile
307 1748 377 1801 quae
396 1738 459 1788 sunt
476 1736 623 1790 metuenda
640 1736 727 1804 magis
745 1754 827 1807 quam

70 1827 141 1879 quac
158 1809 236 1878 pueri
253 1810 281 1862 in
298 1808 421 1863 tenebris
438 1811 562 1878 pavitant
579 1812 740 1881 finguntque
757 1814 857 1868 futura.
895 1833 924 1872 ee

70 1886 142 1940 hunc
160 1886 245 1954 igitur
262 1889 396 1940 terrorem
415 1886 498 1939 animi
516 1887 700 1956 tenebrasque
717 1893 856 1945 necessest

70 1979 125 2015 nen
142 1960 212 2014 radii
231 1962 294 2015 solis
312 1978 402 2030 neque
419 1962 510 2015 lucida
526 1963 582 2016 tela
600 1963 655 2016 diei

70 2037 226 2103 discutiant,
245 2038 294 2092 sed
312 2033 427 2092 naturae
446 2038 549 2107 species
567 2039 699 2108 ratioque.

105 2114 226 2166 Primum
238 2115 358 2169 animum
370 2114 439 2182 dico,
452 2117 573 2168 mentem
588 2130 671 2183 quam
687 2130 768 2183 saepe
782 2133 919 2188 vocamus,

68 2190 97 2242 in
116 2207 169 2258 quo
187 2191 327 2245 consilium
345 2190 418 2244 vitae
436 2190 612 2259 regimenque
629 2189 816 2261 locatum'est,
893 2206 920 2250 es

69 2282 129 2320 esse
147 2266 263 2320 hominis
280 2270 387 2335 partem
399 2266 454 2320 nilo
472 2266 560 2319 minus
577 2281 609 2319 ac
625 2281 722 2320 manus
739 2271 770 2321 ct
785 2285 835 2338 pes

68 2345 151 2411 atque
169 2342 254 2396 oculei
272 2345 366 2411 partes
384 2342 529 2396 animantis
546 2343 632 2396 totius
649 2345 753 2397 extant.

68 2509 178 2547 sensum
195 2492 278 2545 animi
295 2495 372 2545 certa
389 2507 443 2544 non
460 2508 521 2545 esse
537 2493 565 2545 in
583 2496 662 2562 parte
679 2494 806 2562 locatum,

69 2585 163 2622 rerum
180 2567 305 2621 habitum
323 2567 461 2635 quendam
478 2567 588 2622 vitalem
606 2570 727 2638 corperis
744 2585 812 2637 esse,

68 2645 235 2699 harmoniam
255 2642 321 2697 Grai
340 2659 422 2712 quam
440 2643 542 2711 dicunt,
560 2644 635 2711 quod
651 2645 733 2699 faciat
749 2661 799 2699 nes
881 2663 917 2701 100

68 2723 158 2775 virere
176 2738 238 2776 cum
256 2736 343 2784 sensu,
360 2719 435 2773 nulla
452 2735 513 2774 cum
530 2719 558 2772 in
576 2723 657 2786 parte
674 2720 727 2775 siet
744 2738 836 2787 mens3

66 2802 99 2852 ut
116 2798 187 2853 bona
205 2814 287 2868 saepe
305 2796 433 2851 valetudo
451 2813 513 2849 eum
531 2796 632 2850 dicitur
650 2813 710 2851 esse

67 2876 193 2942 corporis,
213 2880 242 2929 et
259 2893 313 2928 non
331 2876 374 2928 est
392 2877 483 2927 tamen
501 2873 568 2927 haec
586 2890 650 2942 pars
667 2874 723 2927 ulla
739 2873 863 2929 valentis.

67 2950 105 3001 sie
123 2951 205 3002 animi
224 2968 332 3004 sensum
349 2968 402 3003 nen
420 2954 496 3003 certa
512 2952 591 3019 parte
608 2953 758 3019 reponunt3

66 3039 165 3089 magno
183 3039 264 3090 opere
281 3027 308 3078 in
327 3026 435 3096 quemi
454 3024 554 3080 diversi
571 3041 664 3079 errare
680 3025 817 3080 ridentur.
878 3041 915 3082 105

46 3112 136 3165 serape
148 3098 254 3168 Itaque,
270 3102 299 3156 in
313 3107 453 3174 promptu
464 3119 569 3175 corpus
585 3101 663 3170 qued
675 3101 810 3166 cernitur,
819 3105 930 3164 semet„

27 3182 96 3224 eum
113 3175 212 3227 aaran
233 3194 272 3232 cx
288 3180 351 3235 alia
367 3180 518 3236 laetamur
535 3179 623 3251 parte
636 3172 762 3235 latentur
