2040 3426
127 119 182 174 136
528 112 559 168 V

122 234 284 287 perparvom
303 215 435 286 quiddam
453 217 592 274 interdum
610 221 718 273 mutare
735 217 847 272 videtur

123 296 238 349 alteram
256 296 347 346 utram
365 291 394 344 in
411 296 519 361 partem
537 293 620 361 filum,
638 309 692 362 que
710 294 815 361 longius
832 294 949 363 absunt;

75 386 109 418 aar
124 372 194 425 scire
212 370 276 423 licet
293 385 427 436 perquam
445 369 565 438 pauxillo
582 385 664 440 pesse
681 369 799 424 minores
942 387 978 428 ssa

124 464 184 500 csse
201 445 244 500 vel
263 444 363 513 exigua
379 445 488 498 maioris
506 448 586 515 parte
603 445 742 515 brevique.

76 530 109 562 ⁵³·
159 522 234 576 lllud
251 522 318 575 item
335 537 390 574 non
407 524 451 575 est
469 521 629 588 mirandum,
640 538 703 591 -qua
719 523 826 577 ratione

123 598 245 652 tantulus
263 598 310 651 ille
328 601 412 666 queat
430 600 538 650 tanturn
557 597 597 651 sol
614 598 728 652 mittere
745 598 846 667 lumen,

123 675 198 742 quod
215 675 301 728 maria
319 691 350 728 ac
367 676 457 727 terras
475 674 561 726 omnis
579 673 739 744 caelumque
756 674 872 742 rigando

56 818 58 822 Ι
124 749 259 818 compleat
276 752 306 803 et
323 749 412 802 calido
430 749 578 818 perfundat
595 753 693 804 cuncta
710 767 818 820 vapore.
941 767 976 807 sas

75 841 109 876 rer
123 843 186 878 nam
204 825 270 879 licet
287 825 349 879 hinc
367 826 462 879 mundi
480 826 650 894 patefactum
669 827 754 880 totius
772 843 856 880 unum

121 901 276 969 largifluum
294 902 398 955 sentem
417 906 523 956 scatere
541 905 624 970 atque
642 919 786 970 erumpere
803 903 904 969 lumen,

122 994 158 1031 ex
176 979 248 1031 omni
266 977 369 1031 mundo
387 977 451 1046 quia
468 977 508 1031 sic
525 976 662 1031 elementa
674 977 786 1050 uaporis
987 1026 990 1032 .

120 1053 242 1121 undique
259 1054 423 1107 conveniant
440 1055 469 1106 et
487 1053 525 1106 sic
544 1054 683 1108 coniectus
700 1071 795 1108 eorum
938 1071 976 1109 en

120 1129 241 1196 confluit,
259 1144 294 1181 ex
311 1145 365 1182 uno
383 1128 474 1198 capite
491 1129 535 1183 hic
552 1133 584 1183 ut
602 1129 719 1198 profluat
737 1130 826 1184 ardor.

120 1221 210 1258 nonne
227 1205 304 1258 vides
322 1205 406 1259 etiam
424 1221 507 1274 quam
525 1205 581 1259 late
598 1221 697 1274 parvus
715 1207 796 1275 aquai

120 1285 200 1350 prata
217 1281 289 1350 riget
306 1281 367 1335 fons
384 1281 523 1336 interdum
541 1282 697 1350 campisque
716 1281 871 1336 redundetl
953 1340 956 1345 ,

119 1360 163 1411 est
181 1358 263 1411 eliam
281 1374 390 1426 queque
407 1359 448 1412 uti
465 1375 518 1411 nen
536 1374 634 1425 magno
652 1358 716 1412 solis
734 1357 770 1411 ab
787 1358 844 1425 igni

119 1449 185 1486 aera
201 1434 334 1502 percipiat
352 1433 448 1487 calidis
466 1434 617 1487 fervoribus
635 1433 725 1501 ardor,
936 1448 973 1489 uos

119 1513 288 1578 opportunus
306 1510 346 1563 ita
364 1512 407 1563 est
424 1510 447 1562 si
465 1509 537 1562 sorte
554 1513 583 1562 et
601 1509 714 1563 idoneus
731 1525 786 1575 aer,

120 1587 152 1638 ut
170 1589 252 1652 queat
270 1586 381 1638 accendi
400 1585 492 1654 parvis
509 1585 652 1638 ardoribus
670 1585 755 1652 ictus;

119 1660 194 1728 qued
211 1677 297 1727 genus
314 1661 454 1714 interdum
472 1666 580 1728 segetes
598 1661 781 1730 stipulamque
798 1662 924 1717 videmus

119 1736 250 1790 accedere
268 1752 302 1789 ex
320 1753 374 1789 una
392 1736 508 1790 scintilla
525 1736 650 1790 incendia
666 1738 774 1806 passim.

118 1812 233 1865 forsitan
252 1816 281 1866 et
298 1828 376 1866 rosen
394 1812 433 1866 sol
452 1813 507 1866 alte
525 1812 652 1880 lampade
670 1813 762 1867 lucens
935 1829 973 1868 ore

118 1888 258 1956 possideat
276 1888 392 1943 multum
410 1889 497 1942 caecis
515 1889 666 1942 fervoribus
683 1888 774 1956 ignem

116 1966 219 2020 circum
238 1982 274 2031 se,
293 1965 367 2019 nulle
385 1966 431 2033 qui
450 1966 487 2019 sit
504 1965 610 2032 fulgore
623 1969 746 2032 notatus,

117 2042 228 2096 aestifer
245 2045 278 2095 ut
295 2045 403 2096 tantum
421 2040 559 2093 radiorum
578 2044 713 2108 exaugeat
730 2042 821 2094 ictum.

152 2118 211 2172 Nec
229 2118 299 2171 ratio
318 2117 382 2171 solis
401 2117 516 2185 simplex
534 2124 559 2170 ct
578 2120 653 2170 certa
670 2116 794 2185 patescit,

116 2211 172 2262 quo
189 2198 269 2262 paeto
287 2194 398 2247 aestivis
417 2210 433 2246 e
450 2192 574 2260 partibus
593 2192 760 2259 aegocerotis
935 2206 972 2245 ors

116 2269 246 2324 brumalis
264 2271 347 2324 adeat
365 2269 451 2322 flexus
470 2272 554 2335 atque
572 2267 636 2320 inde
654 2270 796 2320 revertens

116 2347 205 2400 cancri
224 2364 253 2400 so
270 2351 302 2401 ut
320 2349 410 2399 uertat
428 2349 516 2398 ructas
533 2343 569 2397 ad
588 2343 744 2409 solstitialis,

116 2422 232 2490 luneque
250 2422 387 2476 mensibus
404 2421 434 2473 id
452 2421 570 2488 spatium
588 2420 716 2473 videatur
733 2418 816 2484 obire,

115 2515 205 2552 annua
223 2498 262 2551 sol
279 2499 306 2551 in
324 2515 379 2566 quo
398 2496 531 2551 consumit
549 2500 674 2564 tempera
692 2512 779 2549 cursu.

115 2575 312 2641 nonunquam,
332 2575 445 2641 simplex
463 2573 505 2626 his
524 2573 606 2626 rebus
625 2571 735 2625 reddita
752 2573 867 2624 earrsast
934 2585 971 2624 ero

114 2667 178 2704 nam
196 2652 254 2704 fieri
273 2651 315 2703 vel
334 2667 395 2703 oum
413 2650 507 2719 primis
525 2649 554 2702 id
572 2666 651 2718 posse
669 2647 787 2712 videtur,

115 2727 265 2780 Democriti
283 2727 357 2795 qued
375 2730 469 2780 salicta
486 2726 537 2779 riri
555 2725 692 2778 sententia
710 2723 793 2791 ponit,

114 2809 215 2868 quanto
234 2820 358 2872 quaeque
376 2804 462 2870 magis
480 2803 534 2855 sint
551 2804 653 2855 terram
673 2800 765 2852 sidera
782 2799 903 2866 prepter,

114 2882 190 2934 tanto
208 2897 288 2947 posse
306 2896 395 2933 narnus
413 2895 474 2932 cum
493 2877 560 2930 caeli
578 2877 688 2932 turbine
705 2874 778 2928 ferri.

113 2973 274 3010 evanescere
292 2958 363 3011 enlm
381 2954 491 3024 rapidas
509 2954 582 3008 illius
600 2958 629 3008 et
647 2953 715 3007 acris
932 2963 969 3003 oet

96 3030 231 3085 rinminnr'
244 3037 347 3103 supter
366 3033 437 3101 Viris,
455 3031 576 3102 ideoque
593 3030 710 3098 relinqui
887 3034 892 3046 '

69 3104 220 3181 ’ραιψιεῂη
240 3112 331 3168 solem
353 3130 419 3170 cum
439 3109 639 3184 posterioribu‘
662 3106 759 3172 signis,

57 3175 187 3233 'aserim
200 3187 301 3242 multo
323 3191 407 3262 quod
430 3193 469 3247 sit
490 3207 586 3263 quem
605 3181 718 3241 feruida
733 3181 824 3245 signa.
