2040 3426
87 121 105 176 4
507 112 523 168 Ι

84 236 274 276 aerumnarum
291 218 422 285 hemines,
439 215 530 285 aliqua
545 214 651 270 rationo
667 215 791 270 valerent

83 296 260 364 religionibus
276 298 361 363 atquc
377 293 457 347 minis
474 291 608 371 onsistere
625 294 725 345 vatum.

84 389 155 426 nune
172 373 243 426 ratio
260 371 336 425 nulla
354 373 396 424 est
413 367 544 436 restandi,
561 367 638 422 nulla
655 366 778 434 facultas,
904 382 943 422 110
982 403 990 422 .

86 452 211 502 aeternas
230 447 358 516 quoniam
375 462 478 515 poenas
495 444 524 498 in
541 447 631 498 morte
648 442 834 498 timendumat.

85 523 229 591 ignoratur
247 523 320 577 enim
338 538 409 591 quae
426 522 463 576 sit
479 523 579 574 natura
596 518 703 585 animai,

85 602 151 652 nata
168 599 205 652 sit
223 615 258 651 an
275 602 371 652 contra
386 596 561 651 nascentibus
578 594 739 660 insinuetur,

85 679 114 728 ot
132 674 212 728 simul
229 675 350 729 intereat
366 672 506 727 nobiseum
524 674 614 725 morto
631 670 768 738 dirempta

84 766 118 803 an
136 750 264 805 tenebras
283 749 348 804 Orci
366 749 437 802 visat
455 751 603 815 vastasque
621 746 730 800 lacunas
901 762 939 800 mo

86 842 121 879 an
138 826 258 895 pecudes
274 825 341 879 alias
359 823 490 878 divinitus
507 822 627 950 insiffit
645 838 683 888 se,

86 901 189 955 Ennius
206 905 239 954 ut
256 903 350 954 noster
368 899 466 954 cecinit
483 898 531 965 qui
548 914 567 966 p
620 914 653 951 us
671 912 786 952 amoeno

86 976 187 1030 detrrlit
205 993 239 1029 ex
259 975 392 1028 Helicone
409 973 522 1042 perenni
540 972 639 1026 fronde
656 988 791 1038 coronam,

85 1067 136 1120 per
153 1051 244 1119 gentis
262 1049 348 1102 Italas
365 1047 506 1102 hominum
525 1063 595 1116 quae
613 1047 687 1101 clara
704 1048 824 1112 clueret;

85 1127 138 1180 etsi
154 1129 300 1195 practerea
317 1127 410 1177 tamen
427 1139 488 1176 esse
507 1121 661 1177 Achemsia
677 1123 783 1192 templa
899 1137 936 1176 mo

86 1203 190 1255 Ennius
207 1200 329 1255 aeternis
347 1199 459 1268 exponit
476 1197 601 1253 versibus
619 1198 712 1266 edens,

85 1294 139 1346 quo
157 1294 248 1345 nequo
265 1278 445 1345 pemraneant
461 1275 568 1328 animae
584 1291 675 1342 nequo
693 1290 808 1343 corpora
824 1278 926 1343 nostra,

85 1354 134 1407 sed
152 1352 287 1423 quaedam
305 1351 449 1405 simulacra
465 1349 556 1405 modis
574 1350 703 1419 pallentia
720 1350 796 1403 miris
805 1370 812 1415 3

83 1429 158 1484 unde
176 1429 227 1482 sibi
246 1431 369 1482 exortam
389 1443 497 1495 semper
512 1426 637 1479 florentis
655 1426 771 1479 Homeri

83 1508 278 1558 commemorat
296 1502 414 1571 speeiem
431 1502 557 1556 lacrimas
575 1500 715 1555 effundere
733 1501 818 1555 salsas
898 1517 933 1556 12⁶

83 1580 204 1648 coepisse
222 1582 251 1631 et
269 1594 361 1631 reram
378 1580 505 1630 naturam
523 1576 680 1645 expandere
698 1576 787 1631 dictis.

84 1657 252 1723 quapropter
270 1653 340 1706 bcne
358 1669 419 1706 eum
438 1653 543 1722 superis
561 1652 597 1706 de
615 1651 698 1706 rebus
715 1651 843 1706 habenda

83 1731 161 1783 nobis
178 1731 221 1783 est
240 1729 320 1796 ratio,
336 1728 400 1782 solis
418 1728 554 1798 lunaeque
571 1731 679 1782 meatus

83 1805 222 1874 quatiant
239 1804 353 1869 ratione,
372 1807 402 1858 et
419 1821 475 1872 qua
491 1805 518 1857 vi
537 1820 663 1873 quaeque
680 1806 812 1872 gerantur

82 1881 111 1933 in
129 1879 219 1947 terris,
237 1883 297 1933 tum
314 1896 377 1934 oum
394 1880 491 1949 primis
508 1880 615 1934 ratione
632 1878 723 1948 sagaci
895 1895 932 1934 rso
987 1884 992 1891 '

83 1956 158 2010 unde
176 1956 266 2009 anima
283 1960 367 2025 atque
385 1956 468 2009 animi
487 1958 597 2010 constet
613 1959 712 2009 natura
728 1954 886 2023 videndum,

83 2035 112 2085 et
130 2047 202 2100 quae
219 2048 264 2095 res
281 2032 360 2085 nobis
377 2031 552 2100 vigilantibus
570 2032 648 2086 obvia
665 2035 774 2086 mentes

83 2108 217 2162 terrificet
234 2106 329 2161 morbo
348 2107 464 2162 adfectis
482 2123 631 2176 somnoque
649 2107 771 2177 sepultis,

83 2201 195 2238 cernere
213 2183 256 2238 uti
273 2183 415 2238 videamur
433 2200 479 2238 eos
497 2183 648 2253 audireque
665 2199 764 2250 coram,

82 2264 171 2315 morte
189 2260 263 2315 obita
280 2276 395 2329 quorum
414 2260 496 2314 tellus
513 2259 688 2329 amplectitur
706 2275 773 2313 ossa
895 2272 931 2312 135

118 2337 176 2390 Nec
194 2353 238 2389 mo
256 2336 337 2390 animi
355 2335 426 2389 fallit
444 2335 588 2390 Graiorum
606 2335 722 2389 obseura
739 2336 850 2403 reperta

83 2412 192 2464 difficile
209 2412 355 2465 inlustrare
373 2410 479 2464 Latinis
497 2411 620 2463 versibus
637 2427 705 2476 esse,

83 2487 170 2540 multa
187 2488 263 2541 novis
281 2486 372 2541 verbis
390 2485 552 2553 praesertim
570 2500 632 2538 cum
650 2485 688 2538 sit
705 2485 842 2552 agendum

82 2567 194 2630 proptor
211 2565 362 2630 egestatem
379 2561 487 2628 linguae
505 2561 534 2613 et
551 2575 644 2612 rerum
662 2560 827 2624 novitatem3

82 2638 132 2692 sed
149 2642 198 2692 tua
214 2655 259 2692 me
275 2639 363 2691 virtus
380 2640 473 2690 tamen
490 2637 520 2688 et
537 2637 648 2702 sperata
665 2634 791 2702 voluptas
894 2648 931 2687 rso

82 2715 172 2769 suavis
190 2713 326 2767 amicitiae
344 2710 467 2780 quemvis
486 2710 600 2764 sufferre
619 2711 740 2765 laborem

81 2791 179 2845 suadet
197 2794 226 2846 ct
243 2788 349 2843 inducit
366 2790 460 2841 noctes
478 2786 592 2854 vigilare
610 2803 720 2842 serenas

82 2871 259 2934 quaerentem
278 2864 359 2919 dictis
378 2862 477 2932 quibus
494 2867 524 2916 ot
542 2880 596 2932 qno
614 2864 733 2918 carmine
752 2862 863 2916 demum

81 2943 154 2995 clara
171 2945 236 2996 tuae
253 2941 354 3011 possim
372 2938 559 3009 praepandere
575 2940 680 2993 lumina
696 2938 791 3005 menti,

79 3035 125 3069 aas
143 3017 242 3084 quibus
260 3017 380 3071 occultas
396 3015 508 3086 penitus
524 3016 664 3070 convisere
680 3014 774 3085 possis.
893 3028 930 3068 145

96 3091 185 3143 lirano
198 3094 293 3160 rgor‘rnr
311 3097 450 3150 terrorem
469 3093 558 3149 animi
576 3091 763 3165 tenebrasque
778 3093 922 3144 necessest

39 3172 98 3208 nen
116 3166 197 3216 radii
212 3169 285 3223 solis
304 3187 405 3240 neque
421 3171 522 3228 lucida
539 3170 601 3227 tela
618 3168 679 3225 diei
