2062 3434
101 237 220 292 carmine
238 236 328 305 Pierio
344 236 479 292 rationem
497 251 633 305 exponere
651 239 772 291 nostram

101 319 131 368 et
149 313 228 382 quasi
244 329 355 368 musaeo
374 313 447 367 dulci
465 312 623 379 contingere
640 312 728 380 melle,

101 391 124 444 si
141 389 194 443 tibi
211 390 283 444 forte
300 390 420 443 animum
437 389 487 443 tali
504 388 610 442 ratione
628 392 723 443 tenere

101 466 225 521 versibus
241 466 271 519 in
287 465 390 519 nostris
407 481 522 534 possem,
541 465 607 518 dum
625 465 757 534 perspicis
774 482 883 520 omnem

100 545 227 596 nanuum
244 559 336 596 rerum
354 557 409 609 qua
426 543 534 596 constet
548 541 660 611 'compta
677 541 771 608 figura.
917 557 954 596 eto

136 618 192 672 Sed
210 619 337 687 quoniam
355 618 436 672 docui
453 616 615 671 solidissima
632 618 757 671 materiai

99 709 215 763 corpora
231 698 365 763 perpetuo
382 694 497 748 volitare
513 692 615 747 invicta
631 709 682 761 per
699 709 802 761 aevom,

88 786 173 822 'nune
190 786 249 838 age,
266 770 382 823 summai
400 768 536 838 quaedam
554 769 591 822 sit
608 768 670 822 finis
687 785 781 822 eorum

99 861 185 899 necne
203 846 246 914 sit,
264 845 433 909 evolvamus3
451 845 518 899 item
537 845 612 914 quod
629 844 710 899 inane
727 847 895 914 repertumst

100 936 148 974 seu
159 920 234 976 locus
246 937 278 975 ac
289 921 415 990 spatium,
428 937 473 974 res
485 917 514 974 in
526 937 580 990 quo
593 938 718 989 quaeque
728 924 865 989 gerantur,
916 933 953 973 aas

99 997 288 1065 pervideamus
305 1000 399 1050 utrum
417 997 525 1050 finitum
543 996 666 1050 funditus
684 1013 763 1050 omne

99 1076 205 1127 constet
222 1090 257 1126 an
274 1073 437 1126 immensum
454 1074 550 1142 pateat
567 1075 699 1141 vasteque
716 1072 888 1142 profundum.

134 1148 222 1202 Omne
240 1149 316 1218 quod
333 1152 376 1202 est
393 1148 478 1216 igitur
495 1148 570 1202 nulla
587 1147 697 1216 regione
714 1149 818 1202 viarum

99 1223 248 1290 finitumst3
265 1240 383 1292 namque
401 1228 555 1278 extremum
574 1223 694 1277 debebat
712 1224 820 1278 habore.

48 1364 54 1372 ἢ
99 1304 254 1353 extremum
272 1316 354 1369 porro
372 1300 471 1353 nullius
488 1316 568 1365 posse
585 1299 696 1352 videtur
916 1313 954 1353 eso

99 1392 166 1441 csse,
183 1375 235 1429 nisi
252 1375 326 1429 ultra
344 1375 380 1428 sit
398 1374 472 1442 quod
490 1374 581 1438 finiat3
598 1377 630 1427 ut
648 1375 774 1428 videatur

99 1468 153 1519 quo
171 1467 226 1504 non
243 1450 348 1518 longius
366 1450 434 1503 haec
452 1466 547 1503 sensus
564 1455 663 1502 natura
681 1453 818 1517 sequatur.

99 1543 169 1580 nunc
187 1530 267 1581 extra
285 1542 418 1580 summam
437 1525 563 1593 quonium
584 1525 622 1577 nil
640 1542 699 1578 csse
716 1525 867 1595 fatendum,

99 1618 152 1656 non
170 1603 256 1656 habet
274 1607 435 1667 extremum,
453 1605 530 1656 caret
547 1618 613 1670 crgo
630 1601 685 1655 fine
703 1601 846 1670 modoque.
1022 1668 1025 1675 Ι

99 1695 149 1732 nec
166 1679 254 1732 refert
271 1678 370 1748 quibus
388 1676 505 1731 adsistas
523 1678 681 1745 regionibus
698 1677 771 1743 cius;
916 1694 952 1732 aas

98 1754 280 1824 usqueadeo,
298 1771 380 1823 quem
399 1754 515 1822 quisquo
532 1754 621 1807 loeuur
639 1753 770 1824 possedit,
788 1754 817 1806 in
835 1755 923 1808 erraris

98 1829 263 1883 tantundem
281 1830 368 1898 partis
384 1829 521 1883 infinitum
540 1845 619 1883 omne
636 1829 776 1896 relinquit.

99 1908 243 1973 praeterea
260 1905 282 1958 si
300 1905 355 1958 iam
372 1905 480 1959 finitum
498 1905 681 1958 constituatur

99 1997 179 2035 omne
196 1981 270 2050 quod
288 1986 330 2034 cst
348 1981 475 2049 spatium,
492 1981 577 2049 siquis
594 1986 738 2048 procurrat
756 1981 792 2034 ad
810 1998 871 2035 oras

98 2055 211 2109 ultimus
229 2059 367 2110 extremas
384 2056 521 2125 iaciatque
538 2055 650 2109 volatile
667 2057 761 2124 telum,
915 2071 953 2112 ere

98 2132 128 2185 id
146 2132 243 2185 validis
261 2136 355 2184 utrum
374 2134 528 2184 contortum
546 2130 648 2184 viribus
665 2131 705 2184 irc

98 2224 152 2276 quo
170 2208 253 2261 luerit
271 2207 382 2260 missum
400 2207 486 2260 alevis
503 2206 638 2274 longeque
656 2207 754 2273 volare,

97 2300 133 2336 an
150 2282 297 2353 prohibero
315 2281 419 2350 aliquid
437 2298 531 2335 censos
548 2281 714 2350 obstareque
731 2284 829 2351 pessel

98 2359 263 2412 alterutrum
280 2357 392 2411 fatearis
410 2357 481 2411 enim
500 2373 645 2426 sumasque
662 2361 807 2414 necessest.

98 2451 215 2503 quorum
227 2438 376 2501 utrumque
386 2432 440 2487 tibi
453 2433 584 2501 effugium
596 2434 751 2502 praecludit
763 2437 794 2490 et
805 2449 885 2490 omne
914 2450 950 2491 ers

97 2510 170 2579 cogit
187 2513 220 2564 ut
237 2512 364 2578 exempta
382 2509 514 2564 concedas
531 2510 587 2564 fine
604 2513 707 2580 patere.

98 2602 161 2639 nam
179 2585 235 2640 sivo
253 2588 297 2641 est
313 2585 411 2653 aliquit
429 2586 503 2653 quod
520 2585 637 2652 probeat
654 2587 808 2655 efficiatque

98 2661 236 2729 quominu’
253 2677 307 2730 quo
325 2663 436 2714 missum
455 2665 499 2715 est
515 2663 608 2716 veniat
626 2662 728 2732 finique
746 2664 818 2718 locet
837 2681 873 2731 se,

98 2737 154 2792 sive
172 2737 244 2791 foras
261 2737 357 2804 fertur,
375 2753 428 2788 uon
446 2739 489 2791 est
506 2753 523 2790 a
540 2738 595 2791 finc
612 2739 773 2806 profectum.

97 2810 149 2865 hoe
165 2816 245 2881 pacto
264 2828 363 2880 sequar
380 2815 551 2884 atquc,.‚oras
568 2813 731 2882 ubicumque
748 2813 845 2867 locaris
913 2828 950 2867 eso

98 2892 242 2955 extremas,
260 2903 389 2956 quaeram
407 2887 475 2954 quid
491 2887 548 2940 telo
566 2888 684 2956 denique
701 2889 757 2942 fiat.

97 2963 146 3037 liet
163 2963 205 3016 uti
222 2978 355 3031 nusquam
373 2962 460 3030 possit
477 2962 628 3016 consistere
644 2964 707 3016 finis

96 3039 280 3107 effugiumque
296 3038 380 3107 fugae
395 3037 519 3108 prolatet
536 3039 620 3110 eopia
634 3053 762 3107 sempor.

123 3114 273 3168 Praeterea
292 3116 417 3186 spatium
436 3117 565 3174 summai
580 3115 682 3172 tetius
699 3125 789 3167 omne
993 3155 1024 3194 ,ε

76 3187 206 3300 gudique
223 3191 247 3244 si
265 3192 412 3252 inclusum
433 3199 531 3255 certis
550 3193 740 3254 consisteret
758 3183 825 3237 ‘³¹'ss
