2040 3426
338 343 551 401 ’11101111
576 341 670 400 CARI

100 575 103 580 .
176 514 257 590 DE
300 512 523 589 RERUM
566 505 831 586 NATURA

307 710 433 758 LIBER
453 707 690 758 SECUNDUS.

456 876 559 903 —e—

76 1009 171 1074 suave,
189 1006 258 1060 mari
275 1021 373 1074 magne
391 1005 569 1061 turbantibus
587 1025 706 1078 aequora
723 1011 819 1078 uentis,
841 1075 842 1078 Ἴ

74 1101 91 1139 e
108 1087 183 1138 terra
200 1099 328 1151 magnum
346 1081 458 1136 citerius
476 1087 601 1152 spectare
617 1085 754 1152 laberem3

73 1176 129 1214 non
146 1159 211 1228 quia
228 1157 321 1212 vexari
340 1161 666 1226 quemquamst-iucunda
683 1163 816 1232 voluptas,

74 1237 125 1292 sed
142 1235 240 1304 quibus
258 1234 316 1303 ipse
334 1234 412 1287 malis
430 1251 522 1288 careas
541 1238 605 1307 quia
622 1256 733 1293 eernere
751 1254 833 1292 suave
850 1239 902 1292 est.

51 1327 157 1370 ususve
174 1312 258 1368 etiam
275 1311 341 1365 belli
358 1312 509 1366 certamina
525 1329 623 1382 magna
640 1314 712 1369 tueri
914 1327 927 1367 5

51 1401 124 1460 ⁵per
141 1408 250 1458 campos
266 1389 401 1441 instructa
419 1391 467 1440 tua
485 1388 642 1458 siue.parte
659 1390 761 1458 pericli.

24 1487 30 1501 ⁸
74 1467 124 1520 sed
140 1468 179 1518 nil
197 1465 302 1518 dulcius
321 1467 370 1530 est,
388 1463 459 1516 bene
477 1480 560 1531 quam
577 1467 681 1518 munita
698 1469 793 1519 tenere

74 1542 150 1595 edita
167 1541 291 1594 doctrina
309 1539 462 1607 sapientum
480 1538 583 1606 templa
601 1556 702 1608 serena,

74 1617 215 1686 despicere
232 1616 306 1668 unde
325 1630 409 1683 queas
428 1613 495 1667 alies
513 1615 668 1684 passimque
685 1617 780 1671 ridere

75 1709 168 1746 errare
186 1695 269 1762 atque
287 1691 359 1743 vium
377 1688 495 1759 palantis
515 1706 648 1758 quaerere
665 1692 748 1761 vitae,
904 1707 929 1748 10

74 1771 180 1822 certare
197 1768 313 1834 ingenio,
332 1765 496 1819 contendere
514 1765 664 1835 nobilitate,

74 1847 167 1898 nectes
185 1847 269 1912 atque
288 1843 347 1896 dies
364 1842 416 1896 niti
434 1845 593 1912 praestante
611 1843 705 1899 lubere

74 1920 111 1973 ad
128 1937 246 1974 summas
264 1938 404 1989 emergere
422 1936 488 1988 opes
506 1934 652 1988 rerumque
669 1923 759 1990 potiri.

74 2013 91 2051 ο
108 1998 220 2052 miseras
237 1998 375 2051 hominum
393 2000 507 2065 mentes,
525 2013 541 2049 ο
558 1999 670 2065 pectore
687 2002 781 2051 caeca!

75 2074 200 2144 qualibus
217 2073 384 2128 intenebris
402 2072 475 2127 vitae
494 2072 659 2142 quantisque
676 2072 784 2142 periclis
903 2086 928 2125 15

75 2150 185 2220 degitur
202 2152 252 2205 hec
270 2148 329 2205 aevi
348 2150 581 2220 quodcumquest!
600 2165 689 2203 nonne
707 2148 800 2202 videre

75 2226 113 2280 nil
131 2227 206 2281 aliud
223 2227 275 2281 sibi
293 2231 420 2282 naturam
439 2226 548 2292 latrare,
568 2226 620 2279 nisi
637 2228 677 2293 ut,
695 2225 739 2278 cui

75 2319 187 2371 corpore
205 2303 342 2357 seiunctus
361 2304 438 2356 dolor
456 2303 536 2367 absit,
555 2305 647 2356 mente
664 2301 771 2355 fruatur

74 2377 193 2431 iucunde
210 2393 292 2430 sensu
309 2394 374 2430 eura
393 2377 506 2431 semotu’
525 2378 672 2444 metuque?

74 2470 140 2522 erge
158 2469 315 2521 corporeum
333 2452 369 2505 ad
387 2455 513 2505 naturam
532 2466 617 2520 pauca
634 2449 759 2502 videmus
904 2461 929 2502 1ο

74 2546 135 2584 csse
153 2546 221 2600 opus
240 2530 355 2597 omnine,
375 2545 447 2598 quae
465 2527 577 2581 demant
595 2541 711 2592 cumque
729 2524 858 2592 dolorem,

75 2607 185 2663 delicias
203 2624 313 2679 quoque
331 2605 373 2660 uti
390 2604 491 2658 multas
510 2601 684 2656 substernere
701 2601 813 2671 possint.

73 2674 177 2751 &ratius
194 2685 334 2740 interdum
352 2699 442 2752 neque
459 2684 559 2735 natura
576 2680 636 2749 ipsa
653 2677 777 2747 requirit,

75 2761 97 2813 si
111 2778 166 2816 nen
184 2781 267 2818 aurea
285 2765 349 2817 sunt
366 2762 495 2816 iuvenum
513 2757 655 2811 simulacra
672 2772 722 2824 per
739 2752 821 2806 aedes

74 2837 213 2907 lampadas
231 2841 360 2908 igniferas
377 2835 502 2891 manibus
517 2833 665 2889 retinentia
682 2829 796 2896 dextris,
832 2868 834 2874 ,
904 2839 928 2878 25

73 2913 176 2968 lumina
193 2917 333 2970 nocturnis
351 2914 437 2984 epulis
454 2915 487 2966 ut
504 2910 730 2979 suppeditentur,'

52 3003 110 3039 nee
125 2990 229 3044 domus
244 2995 363 3060 argente
380 2990 475 3060 fuiget
492 3001 617 3058 auroque
633 2981 748 3038 renidet

32 3071 91 3109 noe
107 3062 241 3120 citharae
256 3066 386 3123 reboent
404 3067 545 3139 laqueato.
564 3064 726 3131 aurataque
743 3056 835 3118 tectu,
