2040 3426
84 113 141 175 102
460 110 533 169 IIII

35 236 69 268 sn
80 214 137 272 noe'
148 215 229 270 simili
246 218 394 285 penetrant
412 214 486 268 auris
503 214 654 284 primordia
665 217 760 286 forma,

81 310 143 348 cum
161 292 229 346 tuba
246 291 375 360 depresso
393 290 513 358 graviter
531 290 582 345 sub
599 292 739 348 murmuro
757 295 847 363 mugit
900 309 938 349 545

83 372 111 423 ct
129 368 225 423 reboat
243 373 356 421 raucum
372 367 448 434 regio
466 367 522 421 cita
539 367 656 421 barbara
673 369 812 439 bombrmr,

35 471 68 502 sa
82 448 111 498 ct
129 443 227 498 validis
245 444 320 511 cycni
338 442 508 497 torrentibus
525 459 559 496 ox
580 443 720 498 Heliconis

69 536 143 584 cum
160 519 293 589 liquidam
311 519 412 572 tollunt
430 518 538 586 lugubri
556 535 621 573 voce
640 521 796 589 querellam.

117 597 208 650 Hasce
226 595 311 663 igitur
328 595 437 662 penitus
455 611 536 648 voees
553 611 615 649 cum
632 613 746 665 corporo
763 601 859 653 nostro

42 708 47 715 -
81 671 259 740 exprimimus
276 674 407 739 rectoque
425 671 498 724 foras
516 670 668 725 emittimus
686 689 741 740 ore,
896 689 934 728 550

81 747 188 802 mobilis
207 746 334 800 articulat
352 746 497 800 verborum
517 745 633 801 daedala
649 747 741 816 lingua
893 758 896 762 “

35 851 67 881 sn
80 825 284 891 formaturaque
301 822 440 875 labrorum
457 837 507 890 pro
524 825 604 890 parte
621 823 731 892 figurat.

37 901 131 958 ,551500
149 899 197 954 ubi
214 915 268 953 non
285 898 396 965 longum
415 898 562 966 spatiumst
579 898 653 952 unde
670 916 725 953 una
741 900 866 968 proiecta

80 977 222 1046 perveniat
240 991 292 1029 vox
311 989 444 1043 quaeque,
462 978 600 1029 necessest
617 975 702 1029 verba
719 992 828 1045 quoque
846 976 907 1045 ipsa

81 1053 160 1122 plane
179 1051 302 1106 exaudiri
322 1049 495 1118 discernique
513 1051 686 1105 articulatim.
899 1067 936 1105 555

81 1131 172 1182 servat
191 1127 264 1181 enim
282 1127 461 1180 formaturam
480 1132 628 1195 servatque
645 1128 770 1196 figuram.

80 1208 110 1259 at
128 1205 151 1258 si
167 1203 360 1273 interpositum
378 1202 495 1271 spatium
514 1202 550 1256 sit
567 1202 675 1270 longius
692 1219 789 1272 aequo,

80 1297 144 1334 aera
160 1297 211 1350 per
228 1279 346 1333 multum
364 1277 494 1332 confundi
510 1277 595 1333 verba
612 1282 751 1334 necessest

80 1361 109 1410 et
127 1352 286 1410 conturbari
304 1371 405 1423 vocem,
425 1354 491 1408 dum
508 1354 659 1409 transvolat
676 1371 764 1408 auras.

80 1449 146 1500 ergo
164 1432 203 1500 fit,
223 1431 343 1485 sonitum
360 1435 392 1485 ut
409 1431 496 1500 possis
514 1431 615 1485 sentire
632 1447 722 1500 nequo
740 1430 815 1484 illam
897 1447 936 1486 500

78 1508 270 1574 internoscere,
285 1506 430 1562 verborum
449 1506 587 1560 sententia
605 1523 677 1576 quae
695 1507 745 1562 sit:

81 1600 166 1652 usque
184 1582 254 1636 adeo
271 1583 383 1636 confusa
400 1582 476 1636 venit
493 1598 546 1635 vox
564 1583 646 1650 inque
663 1582 765 1652 pedite.

80 1657 356 1727 1u·astereavcrbum
375 1675 457 1726 saepo
474 1675 556 1711 unum
574 1659 679 1727 perciet
696 1659 770 1713 auris

80 1733 206 1787 omnibus
223 1734 251 1786 in
263 1733 370 1803 populo,
387 1734 500 1787 missum
518 1734 660 1803 praeconis
678 1733 713 1788 ab
731 1751 786 1790 ore.

80 1809 108 1862 in
127 1809 226 1864 multas
244 1809 330 1877 igitur
347 1826 426 1863 voces
443 1825 496 1862 vox
514 1826 568 1864 una
586 1813 700 1879 reponte
897 1828 935 1867 505

81 1885 198 1953 diffugit,
217 1884 245 1938 in
263 1885 354 1955 privas
373 1886 500 1954 quoniam
518 1902 548 1939 se
566 1885 665 1940 dividit
682 1887 756 1941 auris

80 1961 225 2029 obsignans
243 1961 358 2015 formam
377 1960 454 2015 verbi
472 1962 630 2031 clarumque
648 1979 781 2017 sonorem.

79 2042 109 2092 at
127 2054 197 2106 quac
214 2055 277 2107 pars
295 2054 391 2091 vocum
408 2054 462 2092 non
481 2037 554 2091 auris
571 2037 667 2093 incidit
683 2039 764 2107 ipsas,

79 2114 247 2183 praeterlata
264 2114 338 2183 perit
354 2114 458 2167 fmstra
475 2113 574 2166 diffusa
589 2129 641 2182 per
658 2130 745 2168 auras.

80 2207 150 2259 pars,
170 2189 264 2244 solidis
281 2190 374 2258 adlisa,
391 2189 457 2244 locis
474 2189 577 2243 reiecta
594 2205 718 2244 sonorem
896 2205 936 2248 sro

79 2267 173 2320 reddit
191 2271 221 2321 et
237 2265 376 2321 interdurn
395 2267 545 2320 frustratur
563 2264 681 2334 imagine
698 2267 782 2323 verbi.

78 2359 148 2410 quac
166 2342 236 2396 beno
254 2360 316 2396 cunr
333 2342 434 2410 rideas,
452 2343 586 2396 rationem
604 2342 722 2396 reddere
739 2343 827 2412 possis

78 2422 139 2472 tuto
156 2417 208 2472 tibi
225 2420 310 2486 atque
328 2418 395 2486 aliis,
415 2434 469 2487 quo
486 2421 567 2486 pacto
584 2429 635 2486 por
652 2418 711 2472 1005
728 2419 786 2474 5015

78 2511 144 2548 saxa
161 2492 235 2561 paris
252 2493 353 2548 formas
372 2493 517 2548 verborum
535 2511 570 2548 ex
588 2494 683 2548 ordino
701 2494 828 2563 reddant,

79 2569 196 2640 palantis
215 2569 326 2624 comites
345 2587 407 2625 eum
425 2571 526 2624 montis
544 2571 617 2624 inter
634 2587 733 2640 opacos
892 2586 932 2627 srs

80 2647 236 2716 quaerimus
255 2649 283 2701 et
301 2663 399 2716 magna
417 2646 553 2715 dispersos
571 2663 637 2702 voce
655 2648 765 2702 ciamus.

81 2741 129 2777 sex
146 2723 230 2780 etiam
248 2727 296 2778 aut
315 2727 421 2793 septem
438 2722 498 2776 loca
514 2722 706 2778 vidireddcre
723 2714 811 2791 moes,

80 2816 162 2854 unam
180 2818 242 2856 cum
260 2801 376 2855 iaceres:
394 2801 435 2854 ita
452 2799 534 2854 colles
551 2800 665 2855 collibus
682 2801 735 2869 ipsi

80 2875 165 2929 verba
182 2879 351 2947 repulsantes
369 2876 507 2931 iterabant
524 2875 607 2931 docta
623 2876 728 2932 referri.
798 2908 801 2913 -

73 2951 146 3002 hacc
160 2952 221 3007 1005
240 2953 401 3024 capripedes
419 2957 523 3022 satyros
540 2953 727 3023 nymphasque
743 2955 840 3008 tencre
894 2966 934 3008 500

55 3021 177 3076 finitimi
192 3029 358 3096 finguntet
375 3030 476 3086 faunos
493 3046 555 3086 esso
568 3031 695 3085 locuntur

38 3105 165 3153 q11⁰P11111
185 3107 346 3179 noctivago
367 3107 641 3180 strepitu'ludoque
654 3106 761 3160 iocanti

22 3160 191 3230 “flamm
212 3181 302 3251 reigo
320 3186 484 3243 taciturna
501 3184 624 3242 silentia
640 3177 740 3247 rumpi
