2040 3426
74 233 192 288 corpora
208 230 279 285 quae
296 212 383 284 plagis
401 215 550 269 incendunt
567 214 755 270 mobilitatem.

74 293 274 361 incolumisque
291 292 366 345 venit
383 306 495 360 porres
513 292 597 358 atque
612 290 720 361 integra
736 292 837 346 transit

77 371 172 438 multa,
189 363 365 423 foraminibus
383 365 504 435 liquidus
521 366 586 435 quin
602 367 753 421 transvolat
769 367 844 435 ignis

76 447 218 514 multaque
235 440 354 513 pertigit,
371 459 435 497 cum
453 459 566 512 corpora
583 442 703 496 fulminis
720 443 779 510 ipsa
893 459 930 495 351

75 521 237 591 corporibus
255 535 347 573 rerum
364 519 527 586 inciderunt,
545 535 601 588 qua
618 521 697 572 texts
712 521 848 572 tenentur.

75 597 203 651 ‹lissohrit
220 592 305 664 porro
318 595 399 650 facile
417 612 464 649 aes
481 610 632 662 aurumque
648 596 763 663 repento

74 671 279 738 confervefacit,
297 687 314 725 e
330 672 423 740 parvis
439 672 505 740 quia
521 671 594 724 litote
610 670 716 724 minute

75 748 235 818 corporibus
252 747 293 801 vis
311 750 400 802 estet
417 747 522 801 levibus
540 763 574 801 ex
593 746 742 813 elementis,

74 840 148 893 quac
164 823 243 877 focile
259 823 431 877 insinuantur
449 827 479 876 et
496 823 635 877 insinuato
651 823 768 891 repento
859 890 861 895 Α
892 835 930 875 ess

74 890 228 952 dissoluo'nt
244 899 330 952 nodos
347 899 435 952 omnis
454 903 483 953 et
500 899 588 952 vinclo
605 899 738 952 relaxent.

75 979 263 1043 autumnoque
280 975 367 1043 magis
384 975 472 1030 stellis
490 975 659 1043 fulgentibus
676 975 742 1041 apta

74 1050 317 1116 concutiturcaeli
335 1051 432 1104 domus
450 1052 571 1120 undique
590 1055 703 1119 totoque
720 1048 809 1116 tellus,

75 1129 186 1180 etcum
203 1129 328 1195 tempora
342 1143 374 1180 se
391 1128 464 1181 veris
481 1127 607 1181 florentia
624 1126 756 1196 pandunt.

74 1201 179 1268 frigore
194 1202 269 1256 enim
286 1201 387 1256 desunt
405 1203 482 1270 ignes
501 1205 631 1271 ventique
649 1203 739 1256 calore
893 1216 931 1254 eoo

74 1277 208 1332 deficiunt
225 1293 315 1346 neque
331 1281 397 1331 sunt
414 1282 471 1331 tarn
490 1277 575 1331 denso
592 1293 707 1346 corpore
724 1279 818 1332 nubes

75 1353 268 1421 interutraque
285 1351 371 1420 igitur
387 1370 451 1407 oum
468 1354 537 1408 caeli
555 1357 680 1421 tempora
696 1356 829 1418 constant,

75 1433 137 1482 tum
153 1429 244 1484 vanae
260 1444 358 1483 musae
376 1432 541 1484 concurrunt
557 1428 677 1482 fulminis
693 1443 795 1482 omues

74 1521 140 1558 nem
156 1505 244 1559 fretus
261 1504 321 1574 ipse
336 1506 401 1558 enni
418 1505 567 1576 permiscet
583 1505 670 1573 frigus
686 1511 712 1559 ct
729 1507 842 1571 aestum,

71 1575 192 1649 quorum
198 1584 345 1651 utrumque
351 1598 419 1650 opus
426 1587 470 1636 est
477 1581 637 1638 fabricanda
643 1580 680 1634 ad
686 1580 801 1635 fulmina
807 1581 881 1649 nubi,
893 1597 928 1636 soe

73 1654 262 1725 utqiscordia
278 1658 316 1710 sit
332 1675 424 1712 rerum
442 1675 595 1728 magnoque
612 1657 733 1712 tumultu

74 1731 185 1800 ignibus
203 1736 232 1786 et
249 1733 337 1787 ventis
354 1734 518 1790 furibundus
535 1737 650 1791 fluctuet
666 1751 721 1790 ser.

73 1808 166 1878 prima
182 1808 279 1862 caloris
296 1810 368 1864 enim
386 1827 451 1881 pars
468 1815 498 1866 et
515 1816 654 1882 postrema
670 1811 775 1880 rigoris,

76 1887 187 1953 tempus
204 1884 235 1937 id
252 1887 296 1938 est
313 1901 441 1951 vernum3
458 1903 544 1954 quare
560 1903 684 1956 pugnare
701 1890 840 1939 necessest

74 1959 216 2013 dissimilis
234 1976 279 2012 res
296 1960 369 2013 inter
387 1978 417 2014 se
434 1961 603 2030 turbareque
620 1962 727 2015 mixtas.
891 1976 929 2014 sto

74 2038 106 2088 et
123 2035 197 2088 calor
213 2038 356 2088 extremus
373 2037 461 2105 primo
480 2053 542 2090 cum
560 2037 662 2104 frigore
680 2036 783 2090 mixtus

76 2111 203 2178 volvitur,
222 2111 347 2165 autumni
363 2112 440 2179 quod
457 2114 544 2168 fertur
560 2111 671 2167 nomine
688 2114 804 2180 tempus,

74 2187 119 2239 liic
137 2203 246 2255 quoquc
264 2188 415 2258 confligunt
431 2189 535 2243 hiemes
553 2187 702 2243 aestatibus
720 2204 804 2242 acres

74 2268 224 2332 propterca
232 2265 316 2328 freta
335 2269 399 2319 sunt
416 2266 483 2320 haec
500 2265 566 2319 anni
583 2263 777 2332 nominitando,

75 2356 125 2390 nec
144 2338 277 2406 mirumst,
295 2341 322 2393 io
341 2357 374 2395 eo
393 2343 416 2396 si
434 2345 560 2412 tempore
576 2341 694 2412 plurima
711 2340 782 2395 fiunt
892 2355 928 2394 375

75 2414 190 2467 fulmina
207 2418 412 2486 tempestasque
428 2419 521 2474 cietur
538 2417 649 2474 turbida
666 2417 748 2485 eaelo,

75 2490 186 2558 ancipiti
203 2493 332 2558 quomam
350 2494 422 2550 bcllo
440 2497 568 2551 turbatur
585 2495 732 2563 utrimque,

77 2566 139 2619 lrinc
158 2565 273 2621 flammis
291 2570 366 2626 illinc
384 2574 473 2627 ventis
491 2589 640 2641 umoreque
658 2572 751 2625 mixto.

112 2641 172 2694 lloo
187 2644 233 2695 est
250 2643 359 2710 igniferi
376 2652 502 2703 naturam
519 2648 639 2701 fulminis
656 2647 744 2715 ipsam

75 2717 231 2784 perspicere
248 2722 279 2772 ct
296 2738 351 2789 qua
368 2724 395 2777 vi
412 2724 495 2778 faciat
512 2739 572 2777 rem
589 2738 725 2791 quamque
741 2721 844 2787 videre,
891 2735 927 2771 :so

76 2808 128 2844 non
147 2792 286 2860 Tyrrheno
303 2799 379 2851 retro
396 2799 549 2853 volventem
567 2797 688 2852 carmina
704 2797 808 2849 frustra

74 2868 177 2921 iudicia
193 2870 317 2925 occultae
334 2874 427 2928 divum
445 2875 604 2945 perquirere
622 2873 729 2941 mentis,

75 2944 149 2997 unde
166 2945 259 2999 volans
276 2949 347 3016 ignis
364 2952 521 3020 pervenerit
538 2953 586 3004 aut
604 2949 633 3002 in
649 2951 740 3002 utram
758 2963 788 3002 sc

77 3020 191 3074 verterit
208 3020 271 3076 hinc
288 3029 398 3094 partim,
415 3045 470 3098 quo
487 3029 569 3098 pacto
585 3042 636 3097 per
652 3025 719 3078 locs
730 3026 838 3089 suessa

71 3096 220 3182 insinuarit,
239 3103 270 3154 et
286 3102 351 3162 hinc
370 3106 536 3163 dominatus
552 3107 589 3160 ut
606 3098 749 3158 ersmers
762 3111 813 3158 se„

60 3170 168 3236 ‘lwdlfl
183 3187 288 3235 meere
307 3190 402 3255 quent
421 3187 460 3244 de
479 3185 563 3244 coelo
580 3177 719 3238 fuimns
730 3171 828 3228 W*

931 3095 972 3129 ,Ἢ
