2040 3426
487 107 541 164 Ill
899 107 937 166 75

87 218 171 284 atque
188 213 338 268 foraminat
356 210 525 266 multimodis
541 202 575 264 ut
591 225 703 265 noscere
719 209 808 279 possis

87 290 259 360 dispertitam
277 288 383 355 animae
401 290 528 341 naturam
546 285 636 340 exisse
652 301 703 355 per
719 289 799 340 artus

87 370 116 421 et
132 367 208 435 prius
225 382 286 420 esse
304 363 357 418 sibi
374 363 534 417 distractam
551 377 664 430 corpore
679 362 709 416 iu
725 361 793 432 ipso,
901 378 939 416 sco

87 460 168 512 quam
185 437 313 512 prolapsa
329 441 402 494 foras
420 441 516 492 enaret
532 439 561 491 iu
579 439 649 492 aeris
667 449 754 492 amas.

88 519 153 587 quin
171 518 255 572 etiam
271 516 334 570 fluis
351 515 417 568 dum
435 514 508 568 ritae
525 516 643 568 vertitur
660 514 741 582 intra,

88 610 170 662 saepe
187 593 279 662 aliqua
295 595 388 646 &men
405 607 422 644 e
439 607 520 645 causa
536 588 671 644 labefacta
687 588 797 643 videtur

86 670 128 722 ire
146 669 235 722 anima
253 683 285 722 ae
301 666 448 735 totesolui
466 665 502 719 de
519 681 633 734 corpere
650 665 716 719 celle
769 681 772 687 ·

86 748 117 798 et
134 744 213 812 quasi
231 759 358 812 supremo
374 743 550 810 languescere
567 745 692 810 tempore
708 739 801 796 voltus
902 754 939 794 tao

86 821 232 888 molliaque
250 820 381 887 exsangui
398 825 499 872 trusere
516 818 614 872 eadere
632 818 722 872 omnia
738 815 869 871 membra

86 897 161 966 quod
178 913 265 964 genus
281 899 331 961 cst,
350 895 439 948 auimo
457 894 647 948 malefactum
665 910 726 947 cum
743 890 904 962 perhibetur

85 976 135 1027 aut
151 973 269 1026 animam
285 972 412 1040 liquisse;
429 970 477 1023 ubi
494 971 549 1024 iam
567 969 724 1038 trepidatur
741 971 771 1023 et
787 983 881 1023 omncs

87 1055 239 1102 extremum
257 1048 369 1116 eupiunt
386 1047 460 1112 vitae
471 1045 696 1114 repraehendere
713 1043 838 1099 vinclum.

86 1126 280 1191 conquassatur
297 1123 369 1176 enim
387 1125 541 1175 tummens
559 1121 719 1190 animaeque
735 1122 860 1189 potestas
903 1133 939 1170 oo

86 1200 173 1253 omnis
190 1202 219 1253 et
236 1199 303 1252 haec
320 1199 379 1266 ipse
396 1214 458 1252 eum
475 1213 589 1266 corpere
606 1197 804 1262 conlabeliunt;

86 1279 119 1330 ut
135 1275 244 1343 gravior
261 1274 341 1343 paulo
359 1273 446 1341 possit
462 1273 610 1327 dissolvere
627 1289 716 1327 causa

88 1351 155 1420 quid
172 1351 283 1405 dubitas
299 1349 412 1403 tandem
430 1348 496 1415 quin
513 1350 593 1401 extra
609 1347 720 1417 prodita
736 1363 835 1416 eorpus

84 1425 209 1481 inbecilla
226 1427 299 1479 loros
316 1424 346 1477 in
364 1428 468 1493 aperto,
486 1423 610 1489 tegmine
628 1422 748 1490 dempto,

85 1519 139 1556 nen
157 1502 237 1556 modo
255 1517 309 1555 non
327 1516 435 1554 omnem
453 1499 539 1568 pessit
556 1497 656 1553 dirrare
673 1515 724 1569 per
741 1515 843 1567 aevom,
902 1513 938 1552 ees

86 1577 137 1632 sed
154 1577 294 1631 minimum
314 1575 429 1646 quodvis
449 1577 567 1644 nequeat
585 1576 732 1630 consistere
750 1576 876 1645 tempus?

86 1670 136 1707 nee
153 1653 205 1706 sibi
221 1653 300 1714 eninr
312 1653 455 1722 quisquam
473 1649 712 1710 moriens'scntire
728 1651 839 1706 videtur

85 1728 127 1782 ire
144 1729 216 1783 foras
233 1730 348 1783 animam
366 1728 527 1782 ineolumem
545 1725 581 1780 de
598 1723 710 1796 corpore
727 1731 788 1782 toto

27 1867 29 1871 ¹
86 1821 136 1858 nce
154 1805 229 1873 prius
247 1805 283 1860 ad
299 1804 422 1872 iugulum
440 1806 470 1858 et
487 1819 587 1870 supera
604 1803 751 1858 succedere
768 1805 868 1871 lauces,

86 1896 181 1934 verum
199 1881 316 1934 delicere
333 1880 362 1933 in
380 1882 456 1933 certa
472 1879 583 1945 regione
599 1878 731 1944 locatam;
901 1894 938 1932 em

86 1960 119 2009 ut
137 1972 231 2009 sensus
248 1956 315 2009 alios
332 1956 361 2008 in
379 1955 453 2023 parti
471 1970 607 2021 quemque
626 1970 674 2007 sua
692 1954 742 2008 scit

87 2030 206 2085 dissolui.
225 2031 298 2100 quod
316 2031 340 2084 si
357 2027 509 2082 inmortalis
526 2031 621 2082 nostra
638 2029 711 2082 foret
728 2044 813 2097 meus,

86 2122 139 2160 non
157 2109 214 2160 torn
231 2122 261 2159 se
279 2105 397 2158 moriens
415 2103 525 2156 dissolvi
543 2107 765 2171 conquereretur,

85 2181 136 2235 scd
155 2180 240 2248 magis
257 2181 298 2234 ire
315 2181 387 2233 foras
405 2183 566 2247 vestemque
583 2179 745 2248 relinquere,
761 2183 794 2233 ut
810 2180 915 2248 anguis.

121 2256 246 2322 Denique
263 2272 311 2309 eur
328 2255 410 2308 animi
428 2270 576 2322 numquam
594 2270 671 2308 mens
687 2254 883 2324 consiliumque
900 2270 938 2310 crs

84 2331 208 2400 gignitur
224 2330 253 2383 in
269 2331 358 2398 capite
374 2335 423 2384 aut
440 2329 557 2400 pedibus
574 2330 745 2397 manibusve,
758 2330 808 2384 scd
825 2331 887 2386 uuis

85 2406 198 2461 sedibus
216 2409 246 2460 et
262 2407 344 2461 certis
361 2407 476 2460 hominis
493 2407 649 2476 regionibus
666 2407 769 2474 haeret,

85 2483 108 2537 si
127 2499 180 2536 uon
197 2486 274 2538 certa
290 2484 349 2538 loca
365 2484 402 2538 ad
418 2484 584 2540 nascendum
601 2484 712 2540 reddita
728 2484 826 2554 cuique

86 2562 157 2627 sunt,
176 2562 205 2613 ct
221 2558 269 2612 ubi
288 2560 416 2629 quicquid
434 2562 521 2631 possit
538 2561 639 2617 durare
656 2564 778 2619 creatum

87 2637 170 2703 atque
187 2634 227 2688 ita
243 2635 410 2690 multimodis
428 2638 539 2706 partitis
556 2637 671 2692 artubus
687 2655 755 2705 csse,
901 2652 939 2697 sao

87 2708 270 2764 membrorum
288 2715 320 2764 ut
338 2729 485 2780 numquam
504 2714 606 2768 existat
622 2717 816 2782 praeposterus
834 2714 920 2768 ordol

87 2801 174 2854 usque
191 2785 262 2839 adeo
281 2787 406 2854 sequitur
423 2804 467 2840 res
485 2805 542 2841 reni
560 2804 650 2857 neque
667 2788 776 2842 flamma
793 2789 880 2843 creari

89 2860 242 2914 fluminibus
260 2861 367 2915 solitast
385 2878 473 2929 neque
491 2863 519 2914 in
537 2862 594 2930 igni
611 2861 718 2928 gignier
734 2863 817 2930 algor.

125 2937 271 2991 Praeterea
288 2938 311 2991 si
329 2937 481 2990 inmortalis
498 2940 596 2990 natura
612 2936 739 2992 animaist

88 3018 117 3067 et
134 3014 237 3067 sentire
252 3016 345 3081 potest
362 3016 469 3069 secreta
485 3029 504 3068 a
520 3029 640 3086 corpore
653 3016 767 3081 uestro,
847 3021 849 3024 ⁴
894 3049 897 3053 ·
924 3014 976 3056 θ»

81 3088 207 3156 qumque,
221 3093 252 3143 ut
263 3090 369 3162 opinor,
382 3109 447 3148 eam
458 3092 630 3150 faciundum
642 3093 692 3148 cst
701 3079 998 3146 seudbusffim·

69 3175 123 3214 nec
138 3163 248 3220 ratione
265 3167 322 3224 alia
342 3176 461 3231 nosmet
480 3189 653 3248 proponere
670 3167 767 3224 nuliis
