2040 3426
521 162 588 201 XXIX

125 275 192 332 baec
203 279 285 334 nocet
302 277 464 355 sententiae.
500 278 665 348 Bernaysius
683 280 735 334 siet
753 281 808 335 lie.
829 282 925 352 scripsi
941 283 979 338 sil

124 363 160 417 ia
171 364 223 418 lieo
235 380 271 419 se.
282 364 394 418 mundo.
408 387 410 390 ·
422 365 490 420 haee
502 367 637 432 exuioino
649 385 734 421 cerasa
746 371 838 422 ortum
850 373 900 424 est.

176 457 228 506 538
261 450 325 505 libri
338 466 422 518 111111.
458 452 648 506 Laebrnannus
660 453 756 506 erevit.

176 540 227 588 ⁵45
262 533 326 588 libri
345 549 411 596 oum
430 550 540 597 eunoun
562 551 671 597 ouium
688 551 746 590 aas.
757 537 857 607 inepte
873 537 977 592 Grono

123 617 183 673 vius
194 619 269 687 quid
284 635 408 688 quaeque
424 621 505 674 vellat
522 638 586 686 res,·
604 637 655 674 nee
673 620 770 674 melius
788 621 977 676 Lachmanuus

123 719 148 772 q.
156 720 182 772 q.
193 711 273 758 aveat
284 722 309 759 r.
325 705 371 759 ad‘
381 707 465 760 totius
480 706 532 759 loci
550 704 715 759 sententiam
730 704 811 758 uuiee
828 709 924 773 aptum
938 707 976 760 vi-

61 854 63 861 ,
123 789 207 843 detur
220 791 293 854 qaid
301 792 426 860 quaeque
441 797 520 846 susal
531 807 582 846 res.
595 790 700 860 quibis
713 807 827 845 suemus
839 791 917 860 dixit,
929 809 977 862 pe

122 874 178 929 tuit
190 876 274 930 semel
285 875 365 931 meet
376 877 476 932 dieere.

175 968 227 1018 568
261 979 312 1033 pro
336 963 427 1018 Nmru
450 979 509 1018 mer
528 963 717 1019 lachmannus
739 963 848 1020 Nilee
867 964 976 1020 1111111.
1007 1017 1016 1035 ,

123 1048 219 1102 melius
232 1049 396 1119 Beruaysius
408 1050 465 1104 Nil
474 1051 526 1104 ille
536 1050 590 1105 llis.

176 1140 226 1188 586
260 1152 314 1188 non
326 1134 423 1189 dubito
435 1137 500 1203 quin
512 1135 598 1190 editio
611 1137 685 1191 Iuni.
696 1137 724 1191 in
735 1137 791 1192 fine
804 1154 900 1192 versus
916 1153 975 1192 ree-

123 1217 229 1271 tissime
241 1218 318 1284 iqua
329 1218 437 1272 habeat.
456 1220 556 1272 omissa
571 1223 615 1273 est
629 1236 683 1272 vox
699 1219 735 1273 ob
752 1221 899 1290 superioris
915 1237 975 1275 ver-

124 1319 169 1355 sus
187 1302 272 1368 iquos.
301 1302 492 1357 Lachmannus
499 1305 646 1371 flammae,
663 1305 739 1372 quod
756 1307 896 1373 coniungit
912 1323 974 1360 eum

124 1387 309 1457 sequenn'bus.
326 1387 350 1440 is
370 1387 449 1454 iones
467 1387 589 1456 ineptam
605 1404 665 1442 esse
683 1388 875 1458 repetitionem
899 1389 974 1456 dicit,

124 1473 173 1528 secl
185 1471 316 1527 eiusmodi
332 1471 511 1540 repetitiones
525 1472 628 1541 passim
643 1472 672 1526 in
688 1473 816 1528 Lucretio
833 1474 974 1528 inueniun-

123 1565 175 1613 tur.

174 1649 225 1698 600
263 1644 444 1699 accederent
457 1646 529 1700 adn
542 1651 616 1701 1025.

173 1736 224 1784 610
258 1747 310 1799 pro
322 1746 357 1784 nu
369 1731 558 1785 Leohmamms
570 1749 590 1786 e,

173 1821 224 1870 614
257 1832 309 1886 pro
328 1831 417 1869 1111611
437 1816 586 1871 Lambinus
601 1819 705 1887 optime
721 1826 804 1873 certa.
823 1821 888 1873 ante
905 1817 973 1871 illud

119 1906 148 1954 el
158 1899 258 1954 insulsi
273 1901 463 1954 Lachmanuus
474 1916 608 1956 1111111111
640 1902 805 1971 Bernaysius
817 1904 934 1957 reclusa.

172 1992 316 2042 689-603.
344 1986 417 2040 hune
434 1987 525 2040 lecum
542 1987 732 2054 multiplieiter
755 1973 866 2041 uexauit
886 1986 973 2040 Laeb-

120 2087 241 2125 mannus.
271 2076 321 2125 690
340 2087 390 2139 pro
409 2070 500 2123 1111111
520 2070 630 2138 scripsit
653 2073 778 2136 metens;
793 2066 903 2124 'deinde
922 2076 973 2125 692

120 2159 149 2209 et
162 2161 212 2209 693
224 2155 352 2218 inverti13
370 2154 487 2222 denique
498 2169 549 2221 pro
561 2169 680 2214 enmono
694 2153 772 2208 dedit
784 2154 896 2221 obliqui,
910 2170 972 2207 eum

118 2239 305 2309 superioribus
323 2237 495 2307 coniungens.
525 2241 559 2294 ut
578 2245 629 2294 524
647 2246 750 2307 euntes,
767 2241 973 2307 praesentastis

119 2326 171 2379 boe
187 2326 247 2379 loeo
262 2341 386 2397 serpens,
404 2325 537 2392 lustrans,
559 2329 588 2379 et
607 2340 638 2380 ut
661 2331 725 2379 1141
744 2324 865 2393 veniens,
885 2332 972 2391 ortus,

118 2414 148 2465 et
162 2415 229 2463 1260
239 2409 384 2477 lanquoris,
397 2409 563 2464 conveniam
575 2410 725 2480 improbat,
739 2427 906 2480 quamquem
918 2429 972 2466 non

118 2513 180 2549 mro
191 2495 231 2548 ita
242 2494 363 2563 loquitur
380 2498 468 2564 poeta,
480 2498 509 2549 et
527 2495 622 2550 (licere
636 2496 665 2550 in
684 2495 803 2566 Arateis,
816 2513 898 2566 quem
912 2513 973 2565 pas-

118 2581 169 2634 sim
181 2581 304 2634 imitatus
316 2583 359 2633 est
371 2586 471 2635 noster.

169 2670 227 2734 703,
240 2669 255 2723 7
258 2671 297 2720 04.
317 2666 564 2722 Luelrmanuianam
575 2668 673 2722 horum
683 2686 813 2723 versuum
820 2669 972 2722 distinctio

116 2768 179 2805 nem
190 2750 351 2820 intellegere
363 2769 477 2820 nequeo.
493 2769 642 2821 numquam
654 2750 799 2821 quisquam
811 2752 970 2806 mortalium

115 2839 227 2906 negarit
239 2842 287 2892 aut
298 2854 399 2904 negare
416 2839 511 2905 potest
527 2839 609 2891 solem
624 2845 701 2892 cerlo
715 2839 866 2904 desarqere
876 2846 969 2905 perte.

115 2927 232 2994 apparet
243 2927 354 2995 poetam
366 2923 403 2975 ad
414 2927 466 2976 660
476 2939 535 2990 sqq.
546 2922 694 2991 respicere.
709 2939 873 2990 quarem
881 2923 989 2969 uxum

114 3011 179 3078 ‘1¹²5ss
189 3012 255 3078 POSl
277 3014 328 3068 704
347 3008 510 3065 huiusmodi
527 3007 652 3080 perierit
669 3020 791 3070 uersus,
806 3000 875 3062 Qut
891 2994 1009 3057 sunnon

102 3096 174 3149 eolla
183 3112 260 3152 noea
270 3115 392 3172 semper
404 3099 532 3157 lam-ino
543 3094 647 3170 qiqui.

149 3184 204 3239 720
240 3199 271 3242 ⁸1
292 3203 403 3250 neuun
443 3190 670 3250 mmmm
699 3177 745 3234 ste
773 3171 833 3240 jor

833 3171 867 3216 ω
891 3148 991 3198 *exue
