2040 3426
851 27 991 34 —-

79 218 187 270 volvere
205 217 233 270 in
251 234 299 272 ore
316 217 399 272 licere
417 220 447 272 et
464 217 533 271 caeli
549 215 654 285 templa
670 218 749 282 tueri,

78 294 129 345 hoc
147 293 206 346 aliis
223 296 284 347 erat
302 293 387 347 exitio
403 292 546 361 letumque
563 292 688 362 parabat.

31 369 145 422 racillud
162 371 190 422 in
208 369 249 422 his
267 369 349 422 rebus
366 367 550 422 miserandum
567 384 732 437 magnopere
749 387 832 426 unum

77 445 262 500 aerumnabile
279 448 347 510 erat,
365 443 440 512 quod
456 443 504 496 ubi
521 460 551 498 so
569 443 684 513 quisque
702 445 814 501 ridebat
882 463 931 502 raro

76 523 239 591 implicitum
257 519 359 588 morbo,
377 519 459 574 morti
477 519 622 574 damnatus
639 523 673 575 ut
691 523 774 588 esset,

77 599 207 653 deficiens
225 598 315 651 animo
332 598 437 651 maesto
455 615 517 651 cum
534 597 617 651 corde
634 596 749 666 iacebat,

76 676 172 728 funera
189 678 347 742 respectans
365 674 491 727 animam·
501 673 648 727 amittebat
665 673 777 727 ibidem.

31 775 69 807 aaa
112 750 274 804 Incomitata
291 749 351 818 rapi
368 749 510 803 certabant
526 749 622 802 funcra
638 753 731 813 vasta3

31 827 177 895 ,aequippe
195 825 298 879 etenim
315 825 390 879 nullo
407 825 552 880 cessabant
568 825 693 892 tompore
711 825 796 894 apisci
881 843 929 882 1235

76 919 111 956 ex
129 901 189 955 aliis
206 901 274 955 alios
290 901 364 955 aridi
381 901 507 968 contagia
523 901 619 967 morbi,

31 993 68 1024 ¹2⁴⁵
76 978 209 1046 lanigeras
227 981 367 1046 tamquam
384 977 510 1047 pecudes·
521 980 551 1031 et
568 976 670 1042 bucera
686 979 782 1032 saecla.

31 1054 160 1123 ueridquo
177 1055 220 1107 vel
237 1055 265 1106 in
283 1053 378 1122 primis
396 1053 552 1108 cumulabat
569 1053 665 1107 funere
682 1055 769 1109 funus.

76 1147 139 1184 nam
158 1130 323 1198 quicumque
341 1145 405 1182 suos
423 1127 579 1196 fugitabant
596 1129 684 1184 visere
701 1130 738 1184 ad
755 1146 859 1198 aegros,

76 1206 141 1260 vitai
159 1206 270 1259 nimium
289 1205 402 1273 cupidos
418 1205 567 1273 mortisque
585 1206 707 1260 timentis
880 1224 930 1262 raro

31 1294 68 1326 ¹21⁰
75 1282 206 1352 poenibat
224 1282 306 1351 paulo
324 1283 387 1350 post
404 1278 479 1348 turpi
495 1283 586 1334 morto
602 1281 735 1350 malaque,

76 1361 208 1427 desertos,
228 1358 288 1426 opis
306 1356 433 1426 expertis,
451 1356 555 1410 incuria
571 1359 701 1410 mactans.

76 1436 123 1503 qui
141 1435 250 1488 fuerant
267 1435 360 1487 aetem
377 1435 494 1500 praesto,
513 1431 672 1500 contagibus
687 1431 766 1487 ibant

76 1513 161 1579 atque
179 1510 280 1578 labore,
297 1509 387 1579 pudor
405 1525 486 1576 quem
504 1510 564 1562 turn
581 1507 698 1576 cogebat
715 1507 792 1563 obire

76 1586 229 1654 blandaque
246 1581 378 1639 lassorum
396 1600 449 1638 vox
466 1584 553 1638 mixta
570 1600 636 1638 voco
653 1581 798 1652 querellae.
879 1601 929 1641 mas

31 1679 69 1712 aa
77 1663 196 1732 optimus
213 1662 265 1715 hoo
282 1661 332 1714 leti
349 1646 436 1729 genus
453 1677 519 1728 ergo
537 1660 653 1729 quisque
672 1660 790 1716 subibat.

75 1815 157 1881 inque
174 1815 234 1868 aliis
251 1814 341 1884 alium,
359 1814 488 1885 populum
507 1814 622 1884 sepelire
640 1831 750 1868 suorum

75 1894 226 1945 certantes:
246 1891 364 1944 lacrimis
380 1892 445 1945 lassi
460 1890 590 1958 luctuque
608 1890 752 1954 redibant;

75 1965 140 2019 inde
157 1966 256 2019 bonaur
274 1970 382 2034 partem
399 1966 428 2018 in
445 1966 547 2018 lectum
564 1981 688 2018 maerore
706 1964 849 2019 dabantur.

75 2044 242 2111 necpotorat
251 2041 395 2108 quisquam
404 2039 528 2108 reperiri,
537 2056 620 2108 quem
629 2057 719 2110 nequo
727 2040 839 2097 morbus
880 2058 927 2096 mar

75 2134 126 2172 acc
143 2134 218 2170 mors
233 2133 283 2170 nco
300 2116 390 2168 luctus
406 2117 557 2182 temptaret
574 2118 698 2183 tempore
716 2117 771 2170 tali,

112 2193 260 2246 Praeterea
277 2191 333 2244 iam
349 2192 443 2259 pastor
461 2193 491 2244 et
508 2191 690 2244 armentarius
707 2193 795 2246 omnia

76 2272 106 2322 ot
123 2268 253 2321 robustus
269 2267 336 2320 itom
354 2266 429 2319 curvi
447 2266 605 2320 moderator
622 2267 708 2320 aratri

75 2345 229 2412 languebat
246 2343 412 2413 penitusque
429 2357 491 2395 casa
508 2345 636 2396 contrusa
652 2342 779 2398 iacebant

76 2436 191 2489 corpora
208 2421 371 2488 paupertate
390 2421 419 2472 ct
437 2417 533 2471 morbo
550 2417 646 2473 dedita
662 2419 751 2473 morti
880 2433 928 2472 maa

77 2496 208 2550 exanimis
226 2495 320 2563 pueris
336 2510 419 2562 super
436 2494 590 2548 exanimata
605 2498 750 2563 parentum

77 2587 192 2641 corpora
209 2587 410 2640 nonnumquam
429 2586 523 2639 posses
539 2573 670 2640 retroque
687 2571 782 2626 vidoro

76 2647 210 2702 matribus
228 2651 257 2702 et
274 2648 400 2717 pai-ribus
417 2649 496 2700 natos
514 2664 596 2716 super
613 2648 697 2702 edero
713 2649 804 2702 vitam.

76 2741 127 2778 nec
143 2724 283 2777 minimam
300 2727 408 2792 partem
426 2741 459 2778 ex
478 2725 551 2792 agris
566 2724 591 2777 is
609 2741 717 2778 maeror
734 2725 762 2776 in
779 2723 876 2778 urbam

76 2799 213 2867 confluxit,
231 2800 364 2868 languens
381 2816 462 2868 quem
481 2801 594 2854 contulit
612 2800 790 2867 agricolarum
880 2815 928 2853 raro

77 2876 155 2945 copia
172 2876 333 2930 conveniens
350 2892 385 2929 ex
403 2876 476 2928 omni
494 2876 619 2930 morbida
636 2879 722 2944 parte.

77 2953 167 3006 omnia
184 2951 347 3021 conplebant
363 2952 423 3006 loca
439 2955 582 3020 tectaque3
600 2967 654 3020 quo
672 2952 758 3019 magis
775 2955 838 3007 astu

78 3029 213 3083 confertos
230 3031 271 3083 ita
287 3027 435 3083 acervatim
451 3045 525 3083 mors
542 3027 746 3082 accumulabat.

76 3106 162 3158 multa
178 3105 226 3158 siti
240 3107 387 3175 protracta
403 3105 478 3163 riam
495 3123 548 3178 per
565 3119 683 3177 proque
696 3100 805 3153 soluta

67 3195 181 3247 corpora
199 3181 303 3238 silanos
321 3184 362 3240 ad
379 3201 527 3257 aquarmn
544 3185 644 3239 strata
660 3174 807 3230 ‘iacebant
941 3163 990 3199 Ψ
