2040 3426
439 47 533 104 xxxvii

19 162 25 172 ⁸
58 188 275 256 immersum,
299 184 342 240 ita
366 183 516 238 formatum
548 179 700 237 Concidere
730 185 756 235 et
778 194 912 250 spumam

59 281 92 328 eet
103 289 129 344 q.
139 291 177 328 m.
189 291 228 328 m.
241 291 260 328 s
262 274 346 342 ‚post
358 276 407 326 801
420 285 519 338 parum
531 271 596 337 apte
607 265 750 321 collocavit
761 266 912 321 Lachman-

58 377 161 500 nus804
173 460 223 512 pro
233 444 334 499 domae
349 439 415 495 libri
433 452 555 495 nonnus.
576 453 627 507 pro
636 437 787 504 fervidior
804 438 848 492 oie
864 436 912 492 ob-

57 527 156 596 longus
178 530 208 581 et
232 525 299 580 Itali
323 538 448 578 ensvma
470 537 574 578 snnms.
611 521 763 589 quadratus
787 536 911 576 nnsvnna

57 625 165 665 ensvm.
189 627 251 665 cum
267 610 358 664 omnia
373 609 416 664 hic
429 607 610 663 incertissima
622 607 685 675 sint,
697 606 910 676 Lachmannum,

56 699 89 751 ut
99 712 151 765 par
162 698 230 761 crat,
237 698 348 750 secutus
360 710 427 749 sum
453 709 619 764 quamquam
630 691 706 746 haud
718 692 773 746 scio
784 708 820 744 an
832 709 910 761 prae-

57 786 114 837 stet
126 782 201 852 quod
213 783 370 850 Madvigius
381 780 454 851 apud
467 780 646 837 Hemichsen.
663 779 699 850 de
711 778 837 848 Gottorp.
850 778 909 832 eod.

56 885 84 937 p.
95 870 129 926 37
148 867 271 937 coniecit,
282 869 325 923 Ae
341 885 362 922 e.
374 884 411 922 m.
424 867 544 921 domares
556 862 713 934 p.'serce'olo
723 863 823 930 seteis.
845 864 910 916 anto

57 939 692 1021 eumcamenusmentepfooeoseoeo.
722 949 910 1016 noscemus

57 1038 157 1092 demtos
163 1038 329 1107 pstremo,
340 1038 437 1091 seroie
453 1038 531 1089 Tacen.
552 1035 761 1101 sciibendumne
768 1033 909 1103 fircidu’,

57 1121 155 1177 nereis
171 1122 269 1176 Tum?

109 1212 161 1261 818
176 1205 240 1260 libri
255 1205 408 1261 rectissime
424 1221 465 1259 nn.
500 1205 689 1276 Lachmannus
700 1225 740 1274 eo,
753 1209 800 1277 qui
812 1209 867 1263 iam
878 1208 908 1264 in

57 1296 165 1362 septem
175 1293 219 1346 vel
231 1295 293 1346 octo
304 1291 371 1346 locis
383 1291 532 1345 sanissimis
543 1299 569 1346 et
579 1310 631 1361 pro
640 1295 728 1348 etiem
740 1295 826 1349 eiecit.

111 1378 178 1432 Post
193 1383 244 1432 939
260 1376 395 1432 excidisse
410 1375 550 1447 archetypi
566 1377 693 1431 schedam
710 1377 909 1434 demonstravit

57 1462 253 1532 Lachmannus,
267 1463 344 1517 cuius
356 1465 464 1533 partem
479 1461 565 1517 fuisse
582 1463 680 1518 statuit
696 1467 829 1532 quattuor
845 1463 907 1528 bre-

57 1548 101 1600 via
120 1563 247 1600 versuum
266 1547 430 1616 fragmenta.
453 1548 537 1603 exiis
553 1548 604 1603 hoe
620 1551 695 1603 certe
714 1549 906 1604 Lucretianum

57 1631 173 1697 videtur,
197 1629 266 1684 Nora
288 1631 365 1685 milei
388 1631 416 1685 ri
442 1630 557 1700 linquae
584 1640 696 1687 centron
719 1634 779 1687 sint
801 1651 906 1702 oroque

56 1721 175 1781 centum,
183 1717 277 1770 Aereo
285 1732 447 1785 postquem
454 1716 583 1771 tamenin
594 1722 720 1787 poemate
732 1721 906 1789 occupaverit

56 1798 151 1863 locum,
162 1817 212 1868 pro
224 1803 299 1854 certo
311 1801 365 1855 diei
376 1817 431 1856 non
442 1805 543 1871 potest.

109 1890 160 1940 842
176 1885 240 1940 libri
256 1900 384 1941 eeoenm
421 1886 586 1955 Bernaysius
594 1887 722 1954 proprii.
757 1887 906 1943 Lachman-

56 1985 107 2021 nus
118 1985 180 2022 cum
193 1969 234 2022 ed.
248 1969 322 2024 Iunt.
330 1985 461 2038 propere.

109 2058 159 2108 899
182 2070 233 2122 pro
251 2069 393 2110 nnnnnnns
413 2070 476 2109 cum
499 2054 649 2123 Bernayeio
671 2057 766 2127 scn'psi
786 2059 905 2113 latentis.

57 2139 247 2193 Lachmannus
259 2140 384 2207 tepentis.

92 2229 168 2347 t909.
197 2240 248 2293 pro
259 2224 392 2278 librorum
404 2239 492 2279 osnes
503 2225 690 2280 Lachmannus
702 2226 753 2295 hic,
764 2228 797 2280 ut
811 2241 834 2280 11
846 2230 906 2295 387,

56 2311 91 2348 or
105 2311 132 2347 ee.

108 2385 159 2435 935
171 2377 203 2433 of.
217 2376 254 2432 ad
265 2393 296 2431 1v
307 2381 366 2433 229.

109 2469 167 2534 957,
187 2465 235 2534 qui
254 2464 284 2518 in
304 2464 442 2519 codicibus
461 2472 512 2520 954
531 2467 662 2537 sequitur,
682 2470 710 2523 in
729 2470 800 2527 hunc
816 2471 910 2539 locum,

56 2549 193 2604 transtuli.
224 2549 324 2603 deinde
337 2557 386 2606 953
399 2567 448 2619 pro
460 2567 664 2608 nnmenenmnm
681 2558 776 2626 scripsi
791 2565 904 2626 tempes-

57 2641 141 2700 toiea;
159 2652 211 2705 pro
222 2650 328 2690 coenem
343 2643 457 2690 coortae.
487 2637 546 2692 iure
568 2655 613 2693 me
636 2639 677 2694 ita
701 2641 797 2694 fecisse
811 2658 904 2709 agnos-

56 2725 108 2788 cet,
121 2721 167 2790 qui
184 2737 247 2774 cum
255 2720 299 2774 his
310 2736 406 2774 versus
420 2728 486 2778 1998
499 2740 558 2793 sqq.
582 2741 743 2794 componere
754 2724 835 2780 volet.
871 2726 904 2780 cf.

56 2823 116 2861 ann
128 2806 194 2875 phit
207 2806 285 2862 (iant.
297 2821 309 2860 1
321 2823 347 2875 p.
360 2810 401 2862 41.
432 2809 638 2877 ‘tempestates'
656 2813 697 2867 ait
711 2816 841 2882 poetat
814 2814 841 2869 ‘t
842 2830 904 2868 erra

57 2897 86 2948 et
104 2893 179 2949 caelo
196 2896 317 2966 coortae,
333 2911 351 2950 a
369 2896 473 2950 terra
465 2913 494 2950 111
513 2897 628 2968 caelum,
644 2898 775 2954 scaeis
769 2917 808 2952 m
819 2904 923 2950 ism

56 2980 198 3036 venientes
208 2982 342 3056 saeviunt,
354 2986 385 3041 et
401 3001 466 3041 euna
480 2985 527 3042 his
544 2985 634 3042 amini
644 2983 823 3041 maniciis.
799 2997 864 3042 sxs
878 2988 953 3027 sm

46 3063 216 3122 eatimsecns
236 3086 254 3124 e
272 3071 360 3143 caelo,
382 3075 418 3131 ut
435 3073 535 3131 nubes
555 3071 762 3141 usitataeque
778 3045 980 3118 intimam
