2040 3426
535 62 549 118 l

117 165 245 221 materies
262 169 293 220 ut
311 164 470 234 subpeditet
487 166 569 219 rebus
586 165 755 234 reparandis.
805 213 812 225 .

117 245 181 297 sunt
198 243 281 310 igitur
299 242 387 296 solida
404 241 554 310 primordia
571 241 747 310 simplicitate

117 334 167 394 nec
184 319 289 372 ratione
307 322 412 386 queunt
429 317 483 370 alia
500 319 610 370 servata
626 333 676 384 per
693 334 788 371 aevom

118 386 151 448 c'x
168 394 298 447 infmito
290 411 345 447 ram
363 396 487 460 tempore
505 409 549 446 res
567 409 701 460 reparare

153 469 315 538 Denique'
295 486 317 522 ει
336 468 438 521 nullam
456 467 538 521 finem
556 471 654 521 natura
672 472 795 535 parasset

117 543 274 611 frangendis
293 544 409 609 rebus,
402 560 456 596 ram
474 559 587 612 corpora
604 544 729 597 materiai

118 635 205 688 usquc
223 620 334 673 redacta
352 620 441 673 forent
459 635 525 672 aevo
544 619 687 687 frangente
703 619 802 687 priore,

118 700 150 748 ut
167 695 205 748 uil
224 712 257 749 cx
276 696 362 749 illisa
380 698 456 748 certe
474 699 598 762 tempore
615 700 709 762 posset

119 778 278 838 conceptum
297 786 430 824 summum
449 770 549 823 aetatis
566 769 716 838 pcrwadere
733 771 912 824 edancium.
932 786 968 824 aas

118 863 180 899 nam
199 847 306 914 quidvis
323 846 402 899 citius
421 845 531 899 dissolvi
547 853 629 916 'posse
648 846 771 900 videmus

120 938 200 990 qnam
220 938 312 975 rursus
329 921 419 987 refici;
444 926 611 990 quapropter
629 921 709 989 longa
727 922 782 976 diei

119 997 226 1050 infinita
243 1002 319 1051 aetas
336 997 453 1051 anteacti
472 999 604 1065 temperis
621 999 708 1052 omnis

121 1073 194 1140 qnod
212 1073 338 1141 fregisset
355 1073 444 1126 adhuc
463 1069 620 1127 disturbans
638 1074 852 1143 dissoluensque,

121 1165 266 1216 numquam
284 1149 385 1202 relicuo
403 1149 524 1216 reparari
543 1154 666 1217 tempore
683 1153 784 1217 posset.
933 1163 969 1202 are

121 1227 150 1278 ut
168 1240 238 1276 nunc
255 1223 382 1276 nimirum
400 1223 544 1290 frangendi
562 1224 674 1276 reddita
691 1225 753 1277 fluis

121 1304 199 1353 ccrta
213 1302 313 1362 manet
331 1298 457 1364 quoniam
475 1297 552 1350 refici
569 1314 627 1350 reur
646 1315 782 1367 quamque
800 1297 925 1352 ridemus

122 1379 152 1428 et
169 1374 245 1426 finita
263 1373 342 1426 simul
359 1373 510 1441 generatim
529 1375 653 1440 tempora
671 1373 751 1427 rcbus

48 1514 51 1520 ,
122 1456 202 1512 stare,
220 1448 318 1517 quibus
335 1448 440 1517 possint
457 1448 517 1502 aevi
535 1448 692 1515 contingere
710 1448 812 1503 flerem.

122 1524 175 1577 lruc
192 1525 364 1593 acceditnti‚
382 1524 545 1586 solidissima
563 1525 687 1579 materiai
933 1541 970 1580 tea

121 1616 234 1668 corpora
252 1617 311 1653 cum
331 1605 462 1665 constant,
482 1600 568 1670 possit
586 1603 686 1667 tamen,
704 1602 801 1668 numia,
819 1602 907 1670 reddi,

122 1675 212 1728 mollia
229 1693 299 1743 quae
317 1677 394 1742 liunt,
413 1693 460 1731 aer
478 1694 548 1746 aqua
566 1683 641 1732 terra
658 1695 779 1746 vapores,

123 1767 176 1819 quo
194 1757 273 1819 pactu
291 1751 358 1806 fiant
376 1758 405 1806 et
423 1769 476 1821 qua
495 1754 520 1805 vi
539 1769 663 1822 quaeque
680 1756 819 1820 gerantur,

123 1827 272 1880 rnlmiutum
291 1829 417 1896 quoniam
436 1829 519 1883 semel
530 1832 580 1889 ¹est
596 1829 624 1882 iu
642 1829 724 1882 rebus
741 1829 827 1882 inane,

123 1907 152 1956 ιιι
169 1908 263 1956 centra
280 1904 303 1956 si
320 1903 411 1957 mollia
429 1905 484 1957 sint
501 1904 650 1972 primordia
667 1921 766 1969 rerum,

123 1978 195 2031 unde
213 1983 314 2046 queant
332 1978 413 2031 validi
432 1978 521 2032 silices
538 1979 695 2044 ferrumque
713 1979 797 2030 creari

123 2070 176 2105 uun
195 2053 296 2120 peterit
313 2053 385 2106 ratio
402 2052 497 2116 reddi;
520 2069 583 2105 nam
600 2051 724 2105 funditus
741 2055 829 2104 munis
862 2063 864 2067 '

123 2128 256 2196 principie
275 2127 444 2180 fundamenti
462 2134 561 2181 natura
578 2127 689 2180 carebit.

125 2207 189 2254 sunt
206 2203 290 2268 igitur
307 2202 394 2255 solida
411 2202 541 2269 pollentia
558 2201 731 2271 simplicitate

125 2293 240 2344 quorum
258 2276 393 2329 condense
410 2277 497 2344 mmis
515 2277 605 2330 amnia
622 2276 765 2329 conciliatu
937 2292 974 2332 ὅτι

126 2352 210 2406 artari
230 2359 341 2420 pessunt
360 2351 517 2421 validasque
535 2351 681 2406 ostendere
698 2352 769 2404 viris.

163 2429 247 2480 l'crre
265 2427 286 2480 si
305 2428 405 2481 nullast
424 2428 581 2496 frangendis
598 2427 709 2482 reddita
726 2427 787 2490 finis

125 2504 289 2574 cerporibus,
309 2509 398 2557 tannen
417 2521 451 2558 cx
469 2508 581 2559 aeterno
599 2508 723 2573 tempere
740 2521 865 2574 quaeque

126 2595 197 2634 nune
214 2581 297 2633 ctiam
315 2597 444 2649 superare
461 2585 600 2635 necessest
617 2597 731 2649 corpora
749 2581 837 2648 rebus,

126 2672 196 2724 quac
213 2655 331 2709 nendum
349 2657 458 2710 clueant
475 2657 530 2711 ullo
547 2660 683 2724 temptata
700 2657 807 2724 periclo.

126 2735 156 2784 at
173 2731 300 2799 quoniam
318 2732 407 2798 fragili
425 2735 524 2784 natura
540 2732 667 2801 praedita
684 2735 817 2796 constant,

127 2806 264 2875 discrepat
282 2810 424 2860 aeternum
442 2812 551 2874 tempus
569 2806 691 2874 petuisse
707 2820 818 2857 manere

127 2881 368 2935 innumerabilibus
385 2881 472 2948 plagis
489 2885 589 2935 vexata
605 2897 656 2947 per
673 2895 775 2932 aevom.

127 2956 270 3024 deniquc'
262 2973 317 3010 ram
335 2955 462 3024 queniam
479 2956 631 3023 generatim
649 2953 759 3008 reddita
776 2954 838 3008 finis

126 3030 265 3084 crescendi
282 3031 365 3085 rebus
382 3033 490 3084 constat
506 3030 646 3100 vitamque
664 3029 783 3098 tenendi,

128 3108 158 3159 et
175 3103 263 3173 quid
260 3122 385 3174 quaeque
399 3109 505 3174 queant
522 3123 572 3175 per
588 3106 704 3159 foedera
717 3107 846 3167 natarat„
