2040 3426
76 223 213 293 suspensis
230 226 341 278 teneros
358 218 502 278 imitantur
520 222 649 277 dentibus
665 223 787 293 haustus,

76 301 155 368 longe
172 300 225 354 alio
243 309 322 368 pacto
339 300 453 367 gannitu
470 299 544 353 vocis
561 299 682 367 adulant,
880 315 930 357 1010

75 380 104 430 00
122 393 183 430 0001
202 376 305 430 deserti
322 376 478 444 baubantur
494 377 522 429 in
540 375 655 430 aedibus
673 380 721 430 aut
738 393 801 430 cum

75 452 208 520 plorantis
225 452 334 520 fugiunt
352 452 494 506 summisso
511 468 624 520 corpore
642 452 743 521 plagas.

76 528 193 596 deniqne
209 545 264 582 nou
281 527 402 581 hinnitus
420 528 487 581 item
506 527 615 581 differre
632 528 749 594 videtur,

76 604 148 657 inter
165 621 250 673 equas
267 603 314 658 ubi
333 621 417 673 equus
436 604 544 657 florenti
562 607 654 657 aetate
670 603 800 658 iuvencus

76 680 208 748 pinnigeri
226 681 313 734 saevit
331 679 480 734 calcaribus
498 680 568 732 ictus
586 678 692 744 amorio,
881 694 929 736 1070

76 759 104 808 00
122 756 262 811 fremitum
280 757 381 826 patulis
399 755 446 808 ubi
464 755 575 809 naribus
593 754 652 808 edit
669 755 704 808 ad
722 772 806 823 arma,

76 834 105 885 et
123 848 184 885 cum
202 833 241 886 sic
260 833 325 886 alias
343 833 479 886 concussis
496 830 603 885 artibus
620 831 726 885 hinnitl

76 911 214 974 postremo
231 925 318 976 genus
336 909 451 961 alituum
469 909 614 977 variaeque
633 907 764 967 volucres.

76 985 219 1053 accipitres
237 988 320 1052 atque
338 985 487 1051 ossifragae
504 984 647 1052 mergique
664 984 777 1037 marinis

76 1060 247 1115 fluctibus‘in
266 1061 335 1113 salso
353 1060 455 1113 victum
473 1060 612 1127 vitamque
629 1062 763 1128 potentes,
880 1075 930 1114 roso

76 1136 156 1205 longe
174 1137 241 1190 alias
258 1137 310 1189 alio
328 1136 431 1189 iaciunt
448 1136 618 1204 intempore
636 1152 722 1203 voces,

76 1216 105 1265 00
122 1213 208 1280 quom'
223 1212 258 1266 de
276 1212 350 1266 victu
367 1214 476 1266 certant
493 1211 667 1280 praedaeque
685 1216 848 1280 repugnant.

76 1290 105 1340 00
122 1289 349 1356 partim'mutaut
366 1304 427 1342 cum
445 1287 659 1357 tempestatibus
677 1305 731 1340 urm
781 1316 784 1321 Α

76 1364 229 1417 raucisonos
247 1368 350 1432 cantus,
369 1365 506 1418 cornicum
522 1368 555 1418 ut
573 1364 661 1418 saecla
678 1368 787 1416 vetusta

76 1455 272 1509 corvorumque
283 1457 382 1508 greges
393 1440 442 1494 ubi
453 1457 552 1509 aquam
565 1439 695 1494 dicuutur
707 1445 735 1492 00
748 1439 843 1493 imbris
878 1455 929 1494 1085

75 1531 188 1583 poscere
206 1522 235 1569 00
252 1516 391 1570 interdum
409 1520 504 1570 ventos
521 1532 657 1585 aurasque
674 1532 777 1568 vocare.

76 1607 141 1657 ergo
159 1591 183 1644 si
200 1591 267 1644 varii
285 1608 380 1645 sensus
397 1592 524 1644 animalia
541 1595 649 1658 cogrmt,

75 1670 152 1719 muta
169 1670 260 1720 tamen
279 1684 340 1720 cum
358 1668 420 1734 sint,
438 1667 527 1720 varias
545 1668 673 1721 emittere
692 1685 778 1735 rocos,

76 1745 178 1809 quanto
196 1742 319 1795 mortalis
336 1743 422 1810 magis
440 1746 561 1796 aecumst
578 1747 638 1796 tum
656 1744 778 1813 potuisse

76 1818 213 1871 dissimilis
230 1818 283 1872 alia
300 1821 384 1887 atque
402 1818 455 1871 alia
472 1834 516 1872 res
534 1834 600 1871 voce
617 1823 730 1874 notare!
879 1833 930 1873 1000

110 1892 196 1962 [illud
214 1894 242 1946 in
259 1895 303 1947 his
320 1893 402 1948 rebus
420 1894 520 1947 tacitns
538 1894 662 1948 neforto
680 1893 811 1964 requiras,

74 1969 176 2023 fulmen
195 1969 296 2023 detulit
313 1970 341 2023 in
360 1974 462 2023 terram
480 1970 641 2024 mortalibus
658 1972 749 2038 ignem

75 2045 210 2115 primitus,
227 2045 291 2099 iude
309 2047 396 2099 omnis
414 2046 584 2099 flammarum
602 2047 707 2100 diditur
724 2047 813 2100 ardor.

76 2121 162 2174 multa
179 2122 303 2175 videmus
321 2122 392 2174 cuim
411 2121 574 2174 caelestibus
592 2121 669 2174 inlita
685 2122 802 2174 flaminis

75 2197 189 2265 fulgere,
206 2213 268 2251 cum
286 2197 353 2250 caeli
372 2197 484 2250 donavit
501 2197 582 2264 plaga
597 2213 704 2264 vapore.
879 2212 930 2252 1000

77 2276 106 2326 00
123 2289 230 2326 ramosa
247 2277 340 2327 tamen
358 2290 419 2326 oum
437 2273 526 2326 ventis
544 2273 622 2342 pulsa
639 2273 766 2326 vacillans

76 2351 184 2402 aestuat
201 2349 230 2402 in
247 2365 337 2402 ramos
354 2348 514 2403 incumbens
531 2347 636 2402 arboris
655 2347 744 2414 arbor,

76 2424 238 2492 exprimitur
256 2424 352 2477 validis
370 2424 489 2477 extritus
506 2424 610 2477 viribus
627 2424 701 2490 ignis

77 2502 106 2554 et
123 2500 206 2553 micat
223 2499 362 2551 interdum
380 2498 499 2551 flammai
516 2498 638 2552 fervidus
655 2499 744 2566 ardor,

76 2578 172 2629 mutua
190 2574 255 2628 dum
273 2573 345 2626 inter
363 2588 393 2625 se
410 2573 479 2627 rami
497 2574 653 2643 stirpesque
671 2578 806 2629 teruntur.
880 2590 931 2630 1100

76 2667 191 2720 quorum
208 2653 355 2717 utrumque
372 2647 482 2702 dedisse
499 2653 591 2717 potest
608 2650 768 2703 mortalibus
786 2650 886 2717 ignom.

75 2727 139 2781 inde
157 2727 246 2780 cibum
264 2740 381 2792 coquere
398 2724 571 2780 acflammae
589 2726 695 2778 mollire
712 2742 812 2793 vapore

76 2802 115 2855 sol
133 2802 232 2869 docuit
249 2801 376 2870 quoniam
394 2799 539 2853 mitescere
555 2800 642 2855 multa
659 2800 791 2856 videbant

76 2877 235 2931 verberibus
251 2877 391 2931 radiorum
408 2879 493 2944 atque
510 2879 590 2929 aestu
606 2877 679 2930 ricta
696 2894 746 2946 per
763 2892 850 2944 agros.

110 2953 201 3018 Inque
219 2953 277 3006 dies
294 2951 382 3020 magis
399 2950 428 3004 hi
445 2951 548 3005 victum
565 2952 704 3020 vitamque
721 2953 840 3020 priorem
880 2967 931 3007 000

49 3030 234 3102 'eomrrrntare
250 3029 332 3084 novis
349 3026 546 3084 monstrabant
562 3027 647 3082 rebus
664 3031 694 3081 et
709 3048 770 3086 1001,

36 3100 159 3156 rugerio
175 3106 231 3169 qui
242 3107 441 3175 praestabant
461 3111 495 3164 et
511 3106 600 3165 corde
616 3103 760 3172 uigebant.

18 3166 153 3224 condere
170 3190 341 3252 coeperunnt
363 3188 448 3244 urbis
471 3202 634 3255 arcemque
649 3182 748 3235 1000οθ

17 3324 31 3395 t.
