2040 3426
77 108 133 166 1⁴12
242 164 245 168 Α
466 102 539 160 IIII

72 210 192 280 eorporis
209 210 293 276 atquo
310 205 400 262 animi
417 207 450 261 fit
467 208 509 261 uti
526 223 590 278 pars
607 205 672 259 indo
689 205 790 261 animai

72 287 187 341 eiciatur
205 292 234 338 et
251 285 399 337 introrsum
417 299 481 353 pars
499 283 593 337 abdita
610 281 700 350 cedat,
890 297 928 337 sss

72 379 136 432 pars
154 362 236 415 etiam
255 361 389 413 distracta
406 376 456 428 per
474 366 551 413 artus
567 376 620 412 non
640 361 724 427 queat
741 374 802 412 esse

72 439 214 492 coniuncta
232 437 304 488 inter
322 451 458 504 seneque
476 439 552 489 motu
569 439 665 489 mutua
683 434 773 502 fungi;

71 514 144 568 inter
162 514 233 566 onim
253 512 340 578 saepit
359 515 453 566 coetus
470 515 569 566 natura
586 512 712 580 viasquc;

72 607 138 658 ergo
156 606 251 643 sensus
268 588 328 642 abit
345 588 459 641 mutatis
476 587 597 641 motibus
614 587 676 640 alte.

16 731 22 740 ι
72 671 102 720 ct
120 667 245 735 quoniam
263 681 317 719 non
336 667 379 718 est
397 663 474 734 quasi
491 663 565 732 quod
583 663 719 717 suffulciat
736 665 820 729 artus,
889 678 927 720 seo

73 742 163 797 debile
180 743 213 796 fit
230 758 330 810 corpus
346 740 579 808 languescuntque
597 739 687 793 omnia
704 739 835 808 membra,

72 817 200 872 bracchia
217 816 418 887 palpebraeque
435 815 538 870 cudunt
554 815 726 884 poplitesque
744 815 853 870 cubaut'

73 910 154 962 saepe
173 897 265 947 tamen
282 893 491 946 summittuntur
508 890 627 958 uirisque
645 890 792 944 resolvunt.

73 968 173 1023 deinde
189 968 280 1022 cibum
299 968 422 1036 sequitur
439 984 555 1033 somnus,
573 967 644 1036 quia,
662 983 732 1036 quae
750 967 817 1021 lacit
834 983 890 1035 aer,

73 1044 140 1098 haee
158 1045 255 1098 eadem
273 1042 357 1110 cibus,
375 1043 402 1094 in
422 1059 503 1096 venas
521 1042 586 1096 dum
605 1043 710 1098 diditur
728 1044 822 1108 omnis,
888 1057 925 1098 955

73 1120 162 1173 efficit.
179 1122 208 1173 et
225 1118 410 1186 multosopor
427 1119 473 1171 ille
490 1120 665 1186 gravissimus
683 1123 776 1173 exstat

73 1212 154 1263 quem
172 1196 249 1248 satur
266 1197 315 1259 aut
332 1193 419 1248 lassus
437 1194 535 1262 capias,
553 1195 616 1264 quia
633 1195 749 1262 plurima
768 1200 827 1248 tum
845 1211 875 1248 sc

73 1287 188 1339 corpora
205 1269 371 1324 conturbant
387 1285 486 1337 magno
504 1273 617 1323 contusa
634 1269 736 1324 labore.

73 1347 105 1399 fit
123 1347 227 1400 rationo
246 1345 343 1399 eadem
360 1345 498 1399 coniectus
515 1346 615 1415 partim
634 1345 732 1398 aninrai

72 1423 152 1476 altior
170 1425 254 1491 atque
271 1422 344 1476 foras
362 1420 465 1476 eiectus
482 1420 582 1489 largior
599 1421 665 1488 eius,

73 1501 102 1551 et
120 1499 230 1552 divisior
248 1498 321 1552 inter
338 1514 368 1551 se
385 1513 417 1550 ac
434 1496 590 1551 distractior
607 1498 635 1550 in
653 1501 716 1552 tcst.
840 1543 841 1547 ,

108 1575 145 1628 Et
162 1591 215 1643 quo
233 1575 349 1642 quisquo
366 1574 425 1628 fere
443 1574 533 1627 studio
552 1574 696 1628 devinctus
713 1573 846 1629 adhaeret

72 1652 120 1702 aut
138 1650 236 1716 quibus
253 1649 281 1701 in
300 1648 382 1702 rebus
399 1647 515 1702 multum
533 1666 626 1703 sumus
643 1653 708 1703 ante
726 1650 825 1704 morati

72 1729 156 1793 atque
173 1725 201 1777 iu
218 1740 251 1777 ea
268 1725 374 1778 ratione
390 1722 444 1777 fuit
461 1729 591 1779 contenta
608 1726 694 1794 magis
711 1742 796 1792 mens,

72 1801 99 1854 in
119 1799 219 1853 somnis
237 1800 334 1854 eadem
352 1800 512 1870 plerumque
530 1802 654 1856 videmur
672 1801 763 1868 ebire3
887 1818 924 1858 aas

71 1876 200 1930 causidici
216 1891 311 1930 causas
328 1893 410 1945 agere
428 1879 458 1930 et
474 1893 636 1944 componere
653 1878 735 1946 leges,

72 1951 281 2022 induperatores
298 1969 421 2021 pugnare
439 1970 471 2007 ee
488 1953 592 2023 proelia
609 1953 693 2018 obire,

72 2032 173 2082 nautae
190 2033 361 2083 contractum
379 2046 441 2083 cum
459 2030 548 2083 ventis
566 2029 667 2099 degere
684 2029 795 2096 bellum,

72 2121 121 2158 nos
138 2121 220 2174 agere
238 2106 288 2160 hoc
305 2109 398 2160 autem
416 2109 446 2160 et
462 2109 587 2160 naturam
605 2122 738 2175 quaerere
755 2123 848 2167 rerum

72 2196 180 2250 semper
197 2185 227 2236 et
243 2181 381 2236 inventam
398 2182 494 2250 patriis
512 2197 648 2250 exponere
665 2181 773 2236 chartis.
886 2197 923 2238 aro

72 2258 166 2310 cetera
183 2258 221 2312 sic
239 2258 330 2312 studia
348 2261 431 2326 atque
448 2261 523 2312 artes
539 2257 699 2326 plerumque
717 2257 852 2312 videntur·

70 2331 99 2384 in
117 2334 218 2387 somnis
236 2335 339 2387 animos
356 2334 494 2387 hominum
511 2334 646 2387 frustrata
662 2337 764 2387 tenere.

72 2411 101 2462 et
118 2410 280 2478 quicumque
298 2411 357 2463 dies
375 2410 475 2464 multos
492 2426 527 2464 ex
545 2410 641 2464 ordine
657 2408 729 2464 ludis

72 2483 200 2537 adsiduas
218 2485 355 2539 dederunt
372 2501 476 2554 operas,
494 2485 654 2553 plerumque
670 2484 801 2552 uidemus,

72 2576 134 2614 eum
152 2560 207 2612 iam
225 2559 392 2615 destiterunt
410 2577 443 2614 ea
459 2561 583 2615 sensibus
601 2577 741 2631 usurpare,
885 2575 923 2616 ers

72 2635 187 2691 relicuas
205 2638 295 2690 tannen
314 2652 374 2690 esse
391 2637 448 2691 uias
465 2637 493 2690 in
511 2641 603 2691 ruente
621 2637 747 2707 patentis,

72 2729 126 2782 qna
143 2713 247 2781 possint
264 2713 361 2768 eadem
379 2729 470 2767 rerum
488 2714 633 2768 simulacra
649 2713 747 2768 venire.

71 2805 122 2856 per
139 2789 239 2844 multos
255 2790 348 2859 itaque
366 2789 412 2844 illa
429 2790 487 2844 dies
505 2790 602 2844 eadem
619 2790 800 2843 obversantur

14 2867 136 2918 ante
154 2866 252 2933 oculos,
270 2868 352 2921 etiam
371 2867 514 2937 vigilantes
532 2870 564 2920 ut
581 2866 725 2920 videantur

73 2956 185 2996 eernere
203 2942 326 2997 saltantis
344 2947 373 2998 et
389 2944 480 2998 mollia
497 2943 620 2999 membra
637 2940 772 2998 moventis
884 2953 923 2994 aso

67 3019 100 3067 et
116 3016 240 3071 citharae
254 3019 390 3090 liquidnm
408 3038 517 3076 carmen
535 3021 704 3089 chordasque
720 3015 856 3084 loquentis

45 3088 167 3173 cambus
183 3094 313 3163 accipere
331 3101 364 3154 et
381 3116 546 3156 consessum
562 3114 677 3155 eernere
693 3094 812 3149 eundem

26 3169 190 3228 ³⁰⁶¹1221‘1110
204 3170 296 3228 simol
317 3178 414 3234 varios
434 3178 592 3252 splendore
611 3175 737 3229 decutet·
