2040 3426
93 123 131 182 52
500 119 535 176 II

91 239 126 276 cx
142 222 316 277 insensilibus
334 226 425 275 tamen
442 222 531 274 omnia
548 221 695 275 confiteare

89 297 229 366 principiis
246 299 378 352 constare.
396 314 484 366 neque
500 297 531 350 id
548 298 699 352 manufesta
716 298 839 354 refutant

89 390 140 427 nec
158 376 254 428 contra
270 377 401 443 pugnant,
420 374 448 426 iu
465 376 595 443 promptu
611 375 721 441 cognita
739 393 809 443 quae
827 381 901 446 suut,

89 448 141 502 sod
158 450 246 516 magis
263 451 324 519 ipsa
341 467 424 504 manu
441 449 545 504 ducunt
561 452 591 504 et
609 449 723 504 credere
741 458 843 521 cogunt

89 541 124 577 cx
142 524 323 592 insensilibus,
342 526 415 594 quod
433 525 502 591 dico,
520 524 644 578 animalia
661 527 741 594 gigni.
906 544 949 587 870

88 600 191 671 quippe
209 600 304 655 videre
320 602 386 656 licet
404 601 479 654 vivos
497 601 614 655 existere
631 617 738 657 vermes

88 681 210 731 stercore
229 677 265 731 de
283 680 382 744 taetro,
400 679 527 745 putorem
546 692 607 730 eum
626 677 677 731 sibi
694 684 775 734 nacta
793 683 838 734 est

88 752 290 823 intempestivis
309 770 344 807 ex
361 751 494 806 imbribus
511 751 604 804 umida
621 753 717 820 tellus;

88 832 235 896 practerea
254 833 365 882 cunctas
382 829 480 882 itidem
499 843 544 880 res
562 831 670 882 vertere
688 845 756 883 seso.

89 907 202 958 vortunt
220 921 250 958 sc
268 904 344 958 fluvii
361 903 472 957 frondes
490 905 519 956 et
536 902 635 972 pabula
652 903 725 958 lacta
906 921 947 963 sss

86 978 115 1030 in
134 978 262 1047 pecudes,
281 981 393 1032 vertunt
411 978 532 1047 pecudes
548 978 576 1030 iu
595 994 708 1053 corpora
725 984 821 1036 nostra

88 1057 222 1122 naturam,
241 1057 271 1107 ct
288 1056 382 1108 nostro
402 1053 437 1108 de
456 1070 569 1122 corpore
588 1069 669 1122 saepe
686 1055 808 1111 ferarum

89 1132 238 1196 augescunt
257 1129 328 1182 vires
346 1131 376 1183 ct
395 1146 510 1198 corpora
528 1129 705 1199 pennipotcnt
754 1175 760 1185 .

89 1220 154 1272 crgo
173 1221 266 1259 omues
284 1209 383 1259 natura
401 1204 476 1259 cibos
493 1205 522 1258 in
541 1222 654 1274 corpora
672 1206 733 1260 viva

89 1281 174 1335 vertit
192 1284 221 1335 ct
238 1281 300 1334 hinc
319 1297 413 1334 sensus
431 1281 597 1334 animantum
615 1275 742 1349 procreat
759 1300 860 1353 omncs,
904 1300 945 1337 seo

88 1372 142 1409 non
160 1357 213 1411 alia
230 1357 311 1424 longo
329 1357 435 1412 ratione
452 1357 541 1424 adque
559 1357 636 1410 arida
653 1357 727 1425 ligna

88 1432 208 1501 explicat
224 1433 252 1486 in
273 1433 394 1496 flammas
413 1434 488 1487 etin
505 1433 580 1512 ignis·
593 1435 681 1486 omnia
698 1439 797 1489 versat.

87 1507 177 1562 iamne
196 1508 273 1562 vides
291 1509 376 1576 igitur
393 1509 485 1576 magni
503 1507 653 1576 primordia
671 1526 761 1563 rerum

88 1584 192 1638 referre
209 1585 239 1636 iu
257 1583 329 1652 quali
348 1584 404 1637 sint
422 1583 517 1637 ordine
535 1600 657 1652 quaeque
675 1585 763 1640 locata

88 1662 118 1713 et
137 1659 284 1712 commixta
303 1659 400 1727 quibus
419 1659 486 1713 dent
503 1661 594 1713 motus
611 1661 817 1730 accipiantqucl
902 1678 943 1717 saa

124 1735 192 1788 'lum
205 1750 286 1805 porro
300 1734 366 1802 quid
377 1734 408 1788 id
420 1738 470 1803 est,
482 1735 601 1789 animum
614 1736 687 1804 quod
699 1739 827 1806 percutit,
838 1738 930 1807 ipsum

88 1810 162 1880 quod
179 1814 271 1866 movet
290 1814 320 1865 ot
338 1811 426 1865 varios
445 1827 541 1865 sensus
560 1829 722 1882 expromere
738 1814 817 1882 cogit,

87 1904 122 1941 cx
139 1887 311 1942 insensilibus
328 1887 479 1948 accredas
497 1889 594 1943 sensile
611 1889 703 1958 gignit

88 1964 213 2018 nimirum
230 1964 336 2034 lapides
357 1968 386 2019 et
403 1964 476 2034 ligna
494 1968 523 2020 et
541 1968 616 2019 terra
633 1966 708 2035 quod
724 1983 778 2020 una

88 2041 174 2095 mixta
191 2043 283 2095 tamen
302 2044 440 2110 nequeunt
457 2042 567 2096 vitalem
585 2041 702 2096 reddere
720 2059 834 2096 sensum.
903 2057 942 2096 sou

85 2117 154 2171 illud
171 2117 200 2171 iu
217 2117 260 2171 bis
278 2117 363 2186 igitur
381 2117 463 2172 rebus
480 2119 634 2173 meminisse
652 2117 768 2185 decebit,

86 2210 141 2248 nou
158 2211 193 2248 cx
211 2194 336 2249 omuibus
356 2194 473 2262 omnino,
492 2207 677 2264 quaecumque
695 2197 789 2248 creant
805 2210 858 2262 res,

87 2271 197 2325 sensilia
214 2272 352 2342 extemplo
374 2288 418 2325 me
436 2278 462 2326 ot
479 2271 554 2339 gigni
574 2270 665 2326 dicere
683 2287 785 2338 sensus,

87 2346 137 2399 scd
154 2348 245 2414 magni
265 2348 369 2402 referre
388 2364 421 2401 ea
438 2349 556 2421 primum
574 2347 704 2415 quantula
721 2349 852 2415 constent,

87 2422 184 2475 sensile
203 2438 273 2489 quae
293 2423 411 2488 iaciunt,
423 2426 453 2476 ct
470 2438 524 2490 qua
542 2422 598 2475 sins
614 2421 740 2488 praedita
756 2422 851 2490 sonna,
902 2421 941 2477 sss

36 2531 48 2571 ,ξ
87 2497 206 2550 motibus
226 2496 366 2549 ordinibus
384 2497 514 2565 posituris
526 2497 650 2563 ,deniquo
668 2511 736 2563 quae
754 2497 816 2551 siut.

39 2571 44 2582 ’
87 2572 258 2642 quarumnil
276 2587 368 2625 rerum
387 2571 415 2624 in
433 2571 513 2640 lignis
530 2570 687 2638 glaebisque
703 2569 842 2637 videmus3

87 2653 116 2705 et
127 2649 308 2717 tamenhaec,
322 2665 384 2702 eum
396 2651 461 2702 sunt
473 2647 549 2717 quasi
561 2647 717 2716 putrefacta
728 2663 779 2717 per
791 2647 900 2717 imbres,

86 2727 247 2782 vermiculos
267 2725 385 2796 pariunt,
403 2725 467 2794 quia
484 2740 598 2794 corpora
615 2723 738 2779 materiai

86 2805 206 2873 antiquis
226 2820 261 2858 ex
280 2802 420 2856 ordinibus
437 2805 563 2872 permota
580 2817 650 2854 nova
666 2817 697 2855 re
903 2816 941 2856 eoo

86 2881 267 2936 conciliantur
286 2879 376 2934 itaut
394 2878 496 2933 debent
514 2877 641 2932 animalia
658 2878 738 2946 gigni.

87 2957 188 3011 deinde
208 2974 248 3025 ea,
267 2956 411 3011 sensilibus
428 2956 475 3026 qui
489 2955 591 3026 sensile
607 2971 687 3024 posse
705 2952 791 3007 creari

78 3033 256 3087 constituunt
269 3049 356 3103 porro
373 3049 407 3089 cx
425 3033 493 3104 aliis,
511 3032 614 3088 sentiro
625 3033 709 3090 ‚su'c'tu

17 3150 24 3161 .
60 3107 162 3161 mollia
179 3109 238 3164 ism
255 3111 375 3168 faciunt.
393 3129 462 3170 nam
480 3127 580 3169 sensus
596 3105 721 3176 iungitur
739 3100 829 3155 omms

48 3179 213 3242 Visceribus
229 3189 331 3247 nervis
352 3191 446 3265 ¹vonis,
468 3207 544 3266 qree
563 3186 666 3258 cuique
683 3177 817 3235 ridemus
931 3185 975 3224 aas
