2040 3426
477 108 522 162 Vl
866 111 920 169 165

69 211 182 266 flumina
199 210 338 265 abrmdarc
355 213 388 264 ut
405 211 527 264 facerent
544 228 708 282 camposque
725 216 829 281 natare,

70 289 94 342 si
112 304 167 341 non
185 288 319 341 estmctis
336 287 409 340 foret
426 286 482 340 alto
499 286 738 343 nubibus'aether.

69 364 113 418 hic
130 364 215 432 igitur
232 363 321 417 ventis
338 365 422 431 atque
439 361 547 430 ignibus
564 363 655 417 omnia
670 365 768 433 plena⁴

70 444 149 506 sunt;
167 439 230 493 ideo
248 439 350 508 passim
368 439 494 496 fremitus
512 441 541 492 et
558 439 667 511 fulgura
684 441 760 494 fiunt,
887 457 923 498 270

69 517 171 586 quippe
189 515 292 570 etenim
310 531 393 584 supra
411 515 492 568 docui
508 515 647 584 permulta
663 517 771 585 vaporis

70 594 173 647 semina
190 591 294 646 habere
311 608 390 653 cavas
408 590 495 646 nubes
514 594 543 645 et
560 591 647 646 multa
664 598 802 647 necessest

69 669 212 738 concipere
230 685 265 722 ex
283 668 348 722 solis
365 667 450 721 radiis
468 667 622 736 ardoreque
640 684 753 724 eorum.v

69 745 120 799 hoc
137 744 186 799 ubi
202 747 301 800 ventus
318 760 365 798 eas
382 743 457 797 idem
475 744 523 812 qui
540 744 615 812 cogit
632 744 661 798 in
678 761 762 798 unum

69 821 142 875 forto
158 821 248 875 locum
266 820 397 890 quemvis,
415 820 551 889 expressit
568 820 654 874 multa
672 821 778 889 vaporis
888 835 924 877 275

70 896 175 951 semina
192 913 276 965 seque
293 896 373 950 simul
390 913 452 950 cum
470 912 502 950 eo
512 896 692 957 ¹commiscuit
708 897 773 965 igni,

69 972 279 1040 insinuatusibi
297 976 395 1027 vertex
413 976 540 1027 versatur
558 973 586 1026 in
604 976 665 1028 arto

70 1051 101 1103 ct
119 1048 214 1104 calidis
232 1049 307 1103 acuit
323 1049 427 1114 fulmen
444 1049 600 1104 fornacibus
616 1050 697 1104 intus.

69 1141 134 1178 nam
152 1124 564 1192 duplici·ruticue‘acocnditu1·‚·
581 1127 640 1195 ipse
658 1142 707 1180 sua
724 1142 786 1180 cum

70 1199 223 1255 mobilitate
243 1184 354 1253 calescit
372 1203 401 1254 et
419 1217 435 1253 o
452 1199 614 1268 contagibus
630 1203 708 1269 ignis.
887 1217 925 1255 eso
962 1204 974 1218 ’“

68 1277 135 1331 inde
152 1276 199 1331 ubi
216 1276 350 1346 percaluit
368 1277 443 1330 venti
460 1276 501 1331 vis
518 1283 544 1330 ct
561 1277 652 1344 gravis
670 1278 741 1344 ignis

68 1353 189 1423 impetus
206 1352 325 1419 incessit,
345 1356 483 1416 maturum
500 1355 561 1406 tum
579 1352 657 1421 quasi
674 1353 778 1406 fulmen

69 1430 222 1498 perscindit
239 1429 329 1483 subito
346 1428 455 1497 nubem,
472 1429 615 1497 ferturque
632 1429 751 1482 coruscis

70 1506 162 1560 omnia
177 1505 324 1559 luminibus
342 1505 463 1559 lustrans
480 1505 540 1560 loce
558 1505 679 1574 percitus
697 1504 786 1564 ardor.

70 1598 153 1650 quem
170 1581 261 1650 gravis
278 1581 431 1650 insequitur
449 1582 560 1650 sonitus,
579 1581 698 1651 displosa
715 1585 830 1651 repente
888 1597 924 1635 ass

70 1657 227 1727 opprimere
243 1661 276 1712 ut
292 1659 362 1725 caeli
378 1659 505 1714 videatur
523 1659 627 1729 templa
645 1675 770 1728 superno.

69 1733 135 1787 inde
152 1736 256 1788 tremor
274 1737 363 1788 terras
380 1736 502 1802 graviter·
519 1739 691 1806 pertemptat
709 1740 738 1790 et
755 1736 841 1790 altum

70 1826 211 1863 murmura
227 1818 391 1880 percurrunt
409 1813 520 1866 caelum.
538 1830 601 1866 nam
619 1816 679 1867 tcta
695 1814 754 1867 fere
770 1816 831 1867 tum

70 1888 223 1955 tempestas
234 1903 370 1953 ,concussa
387 1887 482 1940 tremit
500 1888 681 1955 fremitusque
699 1890 850 1942 moventur.

70 1979 125 2033 quo
144 1962 180 2016 de
198 1977 330 2016 concussu
348 1962 470 2027 scquitm·
487 1962 579 2029 gravis
596 1962 684 2016 imber
702 1965 731 2016 et
748 1962 825 2034 uber,
888 1977 925 2016 eso

71 2039 159 2093 omnis
176 2038 219 2092 uti
237 2036 364 2090 rideatur
380 2035 409 2088 in
425 2035 540 2091 imbrem
559 2036 662 2092 vertier
672 2037 783 2092 ‘aetheri

71 2118 156 2184 atque
173 2115 214 2168 ita
231 2112 416 2182 praecipitans
433 2113 470 2166 ad
488 2112 617 2167 diluviem
636 2113 772 2170 revocari:

70 2193 166 2245 tantus
184 2189 298 2244 discidio
315 2188 395 2253 nubis
413 2189 542 2257 ventique
558 2189 678 2258 procella

46 2297 47 2300 =
71 2267 200 2335 mittitur,
219 2266 327 2333 ardenti
345 2266 449 2319 sonitus
467 2282 529 2320 cum
547 2265 673 2335 provolat
692 2265 757 2321 ictu.

71 2346 116 2398 est
133 2344 215 2398 otiam
233 2361 295 2398 cum
313 2343 353 2397 vis
371 2343 541 2397 extrinsecus
559 2342 643 2397 incita
660 2344 735 2397 venti
889 2357 926 2396 aes

71 2419 168 2474 incidit
184 2421 213 2474 in
230 2420 346 2474 calidam
363 2422 471 2482 maturo
488 2418 601 2474 fulmine
618 2418 736 2486 nubem;

72 2512 154 2565 quem
172 2512 233 2550 cum
249 2495 545 2566 perscidit,·extemplc
563 2497 639 2552 cadit
655 2496 751 2564 igneus
768 2494 815 2550 ille

72 2575 168 2627 vertex
186 2588 266 2640 quem
283 2572 374 2642 patrio
391 2573 542 2628 vocitamus
559 2575 668 2628 nomino
686 2573 797 2627 fulmen.

72 2649 124 2702 hoc
141 2648 173 2702 fit
190 2647 265 2701 idem
282 2649 311 2701 in
327 2649 415 2716 partis
433 2649 506 2715 alias,
523 2666 695 2718 quocumque
713 2650 779 2702 tulit
795 2648 845 2702 vis.

72 2725 105 2778 fit
123 2739 232 2794 quoque
249 2725 281 2776 nt
298 2723 439 2778 interdum
457 2726 530 2779 venti
545 2726 590 2785 ,ris
606 2727 689 2779 missa
707 2725 765 2778 sine
783 2723 841 2790 igni
889 2738 926 2777 ooo

72 2800 187 2868 igniscat
204 2801 297 2852 tamen
313 2798 342 2852 in
361 2801 449 2868 spatio
465 2801 599 2870 longoque
615 2804 716 2868 meatu
758 2851 760 2855 Α

18 2922 22 2928 ,
73 2877 139 2930 dum
156 2875 239 2941 venit,
257 2873 388 2938 amittens
404 2876 433 2929 in
450 2893 532 2930 cursu
550 2894 663 2945 corpora
680 2877 816 2945 quaedam

72 2951 187 3021 mandis
204 2967 275 3020 quae
292 2954 432 3019 nequeunt
448 2953 552 3021 paritor
569 2956 716 3021 penetrare
732 2970 784 3021 per
800 2969 881 3007 auras
890 2974 897 3020 ;

73 3032 157 3096 atque
173 3027 228 3082 alia
244 3038 279 3082 ex
296 3027 356 3097 ipso
373 3027 522 3099 conradens
539 3045 604 3084 acro
620 3032 721 3099 portat

67 3103 182 3172 parvola
198 3121 269 3174 quae
285 3105 394 3162 faciunt
410 3105 505 3177 ignom
523 3106 686 3169 commista.
699 3103 851 3160 solandos
925 3101 973 3135 Ἢ*

59 3194 114 3231 non
132 3179 188 3234 clia
204 3181 291 3252 longe
309 3185 423 3245 ratione
442 3203 480 3246 ac
496 3187 645 3261 plumbea
659 3196 755 3248 semilb
