2040 3426
112 113 150 174 74
507 109 561 167 III

144 217 181 270 Et
198 214 325 285 quonium
342 229 420 269 meus
437 217 481 268 est
497 211 614 267 hominis
630 228 696 282 pers
712 228 775 283 uns,
792 212 853 270 loeo
871 204 948 286 quse

109 292 164 345 fixe
180 294 274 344 munet
290 293 375 358 certo,
393 289 469 345 velut
485 305 566 344 eures
583 291 667 356 atque
684 289 755 343 oculi
772 293 838 344 umt
871 334 873 338 .
902 330 906 337 .
958 330 962 337 .

108 373 191 436 utque
208 366 253 418 alii
272 382 367 419 sensus
384 365 431 434 qui
449 365 533 419 vitem
550 381 666 434 eumque
684 364 847 434 gubernent,
927 383 966 424 oso

108 447 137 497 ct
154 441 239 496 veluti
257 458 351 495 manus
369 446 453 510 atque
470 441 563 494 oculus
580 456 695 495 naresve
713 456 836 495 seorsum

107 521 213 572 secreto
230 517 265 571 ab
282 517 361 571 nobis
379 521 521 586 nequeunt
538 516 642 570 sentire
658 533 749 585 neque
766 533 835 585 esse,

107 595 157 647 sed
174 598 267 648 tamon
284 593 312 646 in
330 609 413 661 parvo
431 592 551 646 licuntur
569 596 693 661 tempore
710 592 783 661 tube,

107 671 145 724 sic
162 671 267 724 enimus
283 686 334 738 per
350 686 380 724 se
397 685 451 722 non
469 668 529 737 quit
547 669 605 721 sine
622 664 741 736 eorpore'
753 671 783 722 et
800 667 860 736 ipso

106 762 166 800 csse
183 746 299 812 homine,
316 746 388 799 illius
405 745 483 814 quasi
501 744 575 812 quod
592 760 640 797 ves
657 760 718 798 esse
734 743 847 798 videtur
924 759 964 800 sss

106 822 162 876 sive
180 822 255 876 eliud
272 821 340 891 quid
357 821 398 875 vis
415 820 506 888 potius
524 819 693 882 coniunctius
710 820 737 873 ei

106 899 216 966 fingere,
233 896 454 966 quandoquidem
472 911 576 949 conexu
592 910 691 963 corpus
708 893 850 950 edheem

106 972 225 1042 denique
242 972 361 1041 eorporis
379 974 462 1039 atque
479 971 562 1024 animi
579 971 670 1025 vivete
686 974 810 1039 potestas

105 1048 178 1102 iuter
195 1064 225 1101 se
243 1047 387 1101 coniuncte
403 1047 497 1100 velent
514 1047 626 1115 viteque
643 1047 788 1113 fruuntur;

106 1139 156 1177 use
174 1123 231 1176 sine
249 1138 361 1190 corpore
379 1122 451 1176 enim
468 1121 559 1176 vitulis
577 1122 661 1176 edere
677 1125 769 1176 motus
813 1134 815 1138 ’
844 1157 852 1178 .
923 1137 964 1179 soe

107 1199 164 1253 solu
180 1202 274 1268 petest
291 1198 374 1252 enimi
392 1214 443 1268 per
460 1214 490 1252 se
507 1202 607 1253 natura
623 1214 674 1252 nec
691 1201 783 1252 eutem

107 1291 212 1328 cassum
230 1274 319 1328 anima
336 1291 435 1344 corpus
452 1274 553 1328 durare
571 1277 601 1328 et
618 1273 742 1328 sensibus
758 1274 809 1328 uti.

107 1351 210 1405 scilicet
227 1350 333 1405 evolsus
351 1350 489 1404 radicibus
506 1352 540 1404 ut
557 1349 656 1418 nequit
672 1349 754 1403 ullum

107 1427 241 1496 dispicere
258 1427 317 1496 ipse
334 1427 427 1481 oculus
444 1443 503 1480 rem
521 1442 643 1480 seersum
660 1442 773 1494 corpore
789 1428 858 1492 toto,

107 1503 145 1556 sic
162 1503 252 1556 enims
268 1507 352 1570 atque
369 1502 474 1555 unimus
492 1518 542 1570 per
559 1518 589 1556 se
605 1501 643 1554 nil
660 1518 740 1570 posse
757 1501 874 1556 videtur.
923 1517 963 1557 sss

105 1578 232 1631 nimirum
250 1578 313 1644 quia
328 1594 382 1644 per
400 1594 482 1631 venas
499 1580 529 1631 et
546 1576 650 1631 viscera
667 1577 782 1645 mixtim,

105 1669 155 1721 pcr
172 1669 268 1706 nervos
286 1654 369 1720 utque
389 1669 456 1720 ossa,
475 1656 604 1706 tenentur
621 1669 733 1722 corpere
750 1652 786 1706 eb
803 1652 878 1707 omni

106 1744 155 1780 uec
172 1728 275 1794 magmis
292 1727 440 1781 intervallis
457 1728 606 1796 primordia
623 1732 738 1797 possunt

104 1803 191 1857 libere
208 1802 361 1870 dissultare,
379 1803 441 1856 ideo
458 1804 583 1858 concluse
599 1809 743 1859 moventur

106 1878 249 1932 sensiferos
266 1882 356 1932 motus
374 1895 442 1948 quos
460 1882 539 1933 extra
557 1880 659 1948 eorpus
673 1880 701 1934 in
719 1897 799 1933 eurus
924 1893 963 1933 ⁵7⁰

106 1954 176 2008 ueris
193 1954 261 2009 haut
278 1958 472 2024 possuntpost
489 1958 606 2009 mortem
624 1955 712 2010 eiecta
729 1955 833 2010 moveri

107 2033 252 2098 propterea
270 2030 333 2099 quia
350 2046 404 2084 non
421 2031 502 2084 simili
520 2031 628 2084 ratione
645 2034 781 2086 tenentur.
848 2029 857 2045 ⁰

106 2123 204 2175 corpus
221 2107 293 2161 enim
310 2110 393 2177 atque
410 2107 531 2160 animans
548 2106 602 2160 erit
619 2123 674 2175 ser,
693 2107 716 2161 si
732 2106 860 2162 cohibere

107 2199 167 2236 sese
184 2183 274 2237 enims
291 2185 375 2250 atque
392 2183 420 2236 in
438 2199 471 2237 eo
489 2182 591 2251 poterit
608 2182 769 2237 concludere
786 2187 878 2238 motus

106 2272 174 2328 quos
191 2264 257 2315 ente
273 2259 301 2314 in
319 2260 408 2314 nervis
426 2262 455 2314 et
472 2259 501 2312 in
518 2259 577 2328 ipso
594 2274 707 2327 corpore
724 2259 832 2326 egebat
924 2276 963 2316 575

107 2352 192 2404 quiere
209 2337 294 2391 etiem
309 2339 393 2404 atquc
410 2335 494 2390 etiam
511 2335 632 2389 resoluto
649 2335 770 2403 eorporis
786 2334 861 2388 omni

106 2412 227 2479 tegmine
246 2415 275 2465 et
293 2411 388 2465 eiectis
406 2413 486 2465 extra
503 2409 633 2464 vitalibus
650 2410 724 2464 euris

107 2486 220 2541 dissolui
238 2502 332 2540 sensus
350 2486 433 2539 animi
450 2488 554 2541 fateare
572 2489 710 2540 necessest

106 2567 190 2632 utque
207 2561 331 2626 animum,
349 2561 476 2629 quoniam
494 2562 663 2615 coniunctast
680 2578 761 2615 ceusu
780 2561 892 2616 duobus.

141 2638 265 2707 Denique
283 2654 344 2692 cum
361 2653 459 2706 eorpus
476 2640 596 2707 nequeat
613 2637 736 2705 perferre
752 2637 851 2691 animai
921 2655 962 2694 sse

106 2713 250 2769 discidium
269 2715 334 2784 quin
351 2714 378 2768 in
396 2716 487 2768 taetro
505 2712 629 2767 tabescet
646 2713 738 2781 odore,

106 2791 172 2860 quid
190 2791 300 2845 dubites
318 2791 383 2860 quin
402 2806 437 2844 ex
454 2789 509 2843 imo
526 2789 691 2858 penitusque
709 2792 803 2844 coorta

105 2868 239 2922 emanarit
256 2868 298 2922 uti
315 2868 406 2921 fumus
424 2865 522 2919 diffusa
538 2865 644 2919 animae
661 2865 709 2932 vis,
797 2929 800 2934 ¹

105 2947 188 3012 utque
205 2944 268 2998 ideo
285 2947 364 2998 tenta
381 2945 517 2998 mutatum
534 2944 616 3009 putre
634 2941 712 2995 ruina

104 3018 253 3072 conciderit
270 3035 374 3089 eorpus,
392 3019 502 3088 penitus
520 3017 585 3089 quie
600 3020 676 3072 mota
692 3016 751 3071 loco
769 3019 835 3071 sunt
922 3031 963 3074 sss

81 3091 277 3164 sudomenos
293 3095 372 3151 foras
389 3095 486 3152 anima
505 3096 655 3150 emenunte
670 3108 723 3161 uer
741 3095 822 3143 ustus
963 3095 966 3101 “

58 3178 178 3232 milne
198 3168 309 3227 riarum
332 3174 429 3231 omnis
448 3173 551 3240 flexus,
569 3170 603 3226 in
620 3183 741 3237 corneto
759 3163 810 3230 <llll
825 3165 906 3225 timia
993 3189 995 3193 ·
