2040 3426
526 107 574 163 Vl
907 103 962 162 169

116 210 145 262 in
162 225 237 262 marc
256 210 292 279 de
309 211 389 272 caelos
401 211 557 278 descendat,
576 227 657 279 quarn
676 213 748 266 freta
764 211 866 264 circum

115 284 272 340 fervescunt
285 288 410 354 graviter
429 286 596 355 spirantibus
613 285 697 339 incita
714 286 815 354 flabris,

115 364 144 415 ot
162 378 348 430 quaecumque
365 362 394 414 in
412 378 445 416 co
463 366 522 415 tum
541 362 595 415 sint
613 361 748 430 deprensa
765 362 884 416 tumultu

113 438 221 505 navigia
238 438 267 490 in
285 454 419 491 sumntum
438 438 548 491 veniant
566 441 665 490 vexata
681 437 820 504 periclum.
929 453 967 493 sse

113 512 166 568 hoc
183 514 217 567 fit
233 513 282 567 ubi
298 514 436 568 interdum
454 531 507 567 non
526 516 586 582 quit
603 514 644 567 vis
662 513 746 566 incita
762 515 836 567 venti

113 605 241 659 rumpere
259 605 341 658 quam
358 590 448 660 coepit
466 589 574 654 nubem,
593 588 643 642 sed
661 588 800 658 deprimit,
818 593 849 642 nt
868 590 905 644 sit

113 663 142 717 in
159 666 288 720 maredo
306 665 381 721 caelo
397 669 539 735 tamquam
557 665 676 719 demissa
694 664 826 731 columna,

112 737 252 808 pandatim,
270 740 347 809 quasi
364 740 432 808 quid
448 756 541 808 pugno
558 740 724 809 bracchique
742 756 862 809 superno

112 814 240 868 coniectu
254 816 384 870 trudatur
402 819 431 870 et
448 815 615 870 extendatur
632 816 661 868 in
679 815 767 869 undas
776 837 783 882 ;
909 833 965 878 „tra

113 906 196 959 quam
214 907 276 944 cnm
294 891 412 959 discidit,
430 892 494 946 hinc
511 892 698 961 prorumpitur
715 892 743 944 in
760 908 836 947 maro
854 894 928 947 vcnti

112 965 154 1020 ris
172 969 203 1020 ct
219 966 353 1022 fervorem
370 968 468 1021 mirum
487 968 630 1034 concinnat
647 967 674 1020 in
692 967 780 1031 undis.

113 1042 300 1097 versabundus
318 1044 391 1098 enim
408 1044 490 1098 turbo
508 1045 653 1112 descendit
669 1047 700 1099 ct
716 1044 791 1099 illam

113 1117 228 1173 deducit
243 1119 348 1187 paritor
364 1120 440 1174 lento
457 1137 520 1174 cum
537 1137 651 1190 corpore
668 1121 784 1187 nubem;

114 1210 196 1262 quam
207 1195 286 1248 amul
298 1212 330 1249 ac
341 1194 483 1263 gravidam
496 1196 616 1250 detrusit
627 1194 663 1250 ad
676 1213 795 1265 aequora
806 1199 891 1267 ponti,
927 1213 965 1250 no

112 1270 160 1324 ille
176 1271 205 1324 in
223 1287 321 1339 aquam
340 1270 430 1324 subito
447 1274 536 1324 totum
554 1287 584 1325 sc
601 1271 716 1326 inmittit
733 1276 763 1326 ct
780 1289 860 1326 ornnc

114 1346 218 1400 excitat
234 1345 340 1414 ingenti
359 1347 449 1399 sonitu
466 1363 542 1401 mare
559 1347 667 1401 fervere
685 1362 790 1415 cogens.

113 1422 147 1476 fit
164 1439 273 1492 quoquc
290 1425 323 1476 ut
339 1422 459 1476 involvat
476 1423 551 1476 ronti
568 1439 599 1476 se
616 1422 734 1476 nubibus
751 1423 810 1492 ipsc

112 1502 210 1553 vertex
228 1499 379 1553 conradens
397 1515 431 1552 ex
449 1515 512 1552 acro
530 1499 633 1552 semina
650 1498 730 1552 nubis

114 1577 145 1629 ot
163 1574 240 1641 quasi
259 1574 405 1628 demissum
424 1575 498 1629 caelo
516 1578 640 1643 prestera
657 1574 787 1629 imitetur.
926 1589 963 1626 ((0

112 1648 158 1704 hic
176 1649 224 1703 ubi
242 1666 272 1703 so
289 1651 316 1703 in
335 1655 424 1704 terras
443 1651 553 1705 demisit
571 1651 759 1720 dissoluitquc‚

113 1724 230 1780 turbinis
247 1725 382 1780 inmanem
401 1729 453 1780 vnn
472 1728 607 1796 provomit
623 1731 707 1796 atque
724 1727 866 1798 procellae.

33 1794 40 1807 ⁶
113 1801 164 1855 sed
182 1801 248 1870 quia
264 1802 297 1857 fit
314 1819 376 1856 raro
394 1806 501 1857 0000100
519 1804 673 1872 montisque
691 1807 831 1858 necessest

113 1877 222 1932 officere
239 1878 268 1931 in
286 1879 374 1943 terris,
392 1883 507 1948 alapam-ot
525 1878 647 1932 crebrius
664 1879 737 1932 idom
887 1926 889 1930 .

113 1956 261 2023 prospectu
277 1954 405 2006 marisia
424 1970 521 2020 niagno
539 1953 668 2022 caeloque
685 1954 799 2021 patenti.
925 1969 964 2021 400

149 2028 251 2083 Nubila
268 2032 453 2096 concrescunt,
472 2027 518 2081 ubi
535 2044 648 2096 corpora
664 2028 752 2082 multa
769 2028 885 2084 volando

113 2105 166 2160 hoc
184 2121 282 2175 supero
299 2104 328 2158 in
345 2104 413 2158 caeli
431 2103 519 2173 spatio
537 2103 627 2157 coiere
643 2106 759 2172 repento

113 2182 259 2250 asperiora,
277 2181 361 2236 moris
378 2197 449 2250 quac
466 2180 572 2249 possint
589 2180 751 2249 indupedita

112 2257 220 2325 exiguis
237 2260 331 2311 tamon
348 2257 421 2312 inter
439 2273 469 2311 sc
487 2271 646 2324 comprensa
663 2256 757 2310 teneri.

113 2333 181 2387 haec
197 2333 302 2389 faciunt
318 2334 438 2403 primum
454 2349 552 2402 parvas
570 2332 717 2386 consistere
735 2332 836 2398 nubos;
926 2349 965 2389 455

113 2408 179 2463 inde
196 2409 264 2464 haec
281 2409 480 2480 comprendunt
497 2408 571 2463 inter
588 2424 618 2463 se
635 2424 740 2478 conque
757 2411 907 2478 gregantur

114 2488 145 2540 ct
161 2484 348 2554 coniungendo
365 2489 493 2541 crescunt
509 2486 653 2555 ventisque
669 2485 794 2541 feruntur

114 2577 200 2630 usquc
218 2562 287 2616 adeo
306 2562 392 2616 donec
409 2567 560 2633 tempestas
577 2580 658 2618 saeva
675 2567 803 2618 coortast.

114 2639 148 2692 fit
165 2655 273 2707 quoque
291 2638 334 2692 nti
351 2639 451 2692 montis
467 2640 556 2693 vicina
573 2640 710 2693 cacumina
727 2641 801 2694 caelo

115 2730 198 2782 quam
212 2714 266 2767 sint
279 2729 387 2782 quoquc
399 2714 493 2781 magis,
505 2716 582 2768 tanto
594 2715 681 2782 magis
692 2715 768 2768 edita
779 2714 886 2769 fument
928 2730 966 2769 ceo

116 2791 231 2844 adsiduo
249 2789 344 2843 furvae
361 2789 442 2842 nubis
459 2789 573 2856 caligine
590 2805 681 2843 crassa

118 2871 266 2936 propteroa
284 2865 354 2933 (pina,
373 2881 434 2918 cuin
452 2864 603 2918 consistunt
620 2864 714 2918 nubila
730 2864 857 2934 primum,

117 2947 181 2995 ante
199 2942 293 2996 videro
312 2940 382 2994 oculi
400 2956 481 3008 quam
499 2939 610 3007 possint
628 2940 726 3008 tenvia,
743 2942 818 2997 venti

118 3022 261 3088 portantes
278 3021 380 3085 cogunt
397 3016 433 3069 ad
451 3032 556 3070 sumina
573 3016 717 3071 cacumina
730 3018 846 3071 montis.

115 3095 163 3148 bic
179 3095 289 3150 domum
308 3095 340 3150 fit
358 3093 400 3151 uti
418 3094 505 3151 turba
520 3095 630 3151 uiatore
648 3095 752 3149 coorta
968 3091 1013 3123 ὓ

108 3173 139 3224 ot
156 3171 296 3229 condensa
313 3177 424 3244 qncant
443 3193 592 3251 apparere
612 3179 645 3232 ct
662 3168 758 3228 austu
768 3166 845 3232 'tum
