2040 3426
514 57 544 113 V
894 59 948 116 125

103 175 164 212 esse
181 158 263 213 deum
281 162 389 214 sanctas
405 159 433 213 in
450 160 545 214 mimdi
563 161 687 230 partibus
704 163 773 217 ullis.

103 235 194 288 tenvis
212 236 283 289 enim
300 239 399 290 natura
417 238 499 290 deum
516 236 650 305 longeque
667 246 773 293 remota

104 311 228 365 sensibus
246 313 280 365 ab
297 312 398 365 nostris
414 312 497 366 animi
515 312 560 366 vix
577 316 669 367 mente
685 314 811 380 videtur3

102 404 174 455 quae
191 389 317 456 quoniam
334 405 462 442 manuum
479 391 584 442 tactum
602 389 713 457 suffugit
730 393 759 444 et
776 391 868 460 ictum,
914 408 950 446 reo

102 464 197 518 tactile
214 464 252 517 nil
269 464 347 528 nobis
364 463 438 533 quod
455 465 492 518 sit
509 466 669 532 contingere
688 464 781 522 debet.

102 544 217 608 tangere
235 541 307 594 enim
324 557 378 593 non
396 541 455 608 quit
471 540 546 608 'quod
564 541 640 608 tangi
658 557 711 594 non
728 541 794 596 licet
810 541 907 610 ipsum.

101 633 187 683 quare
204 617 287 671 etiam
305 616 386 670 sedes
404 633 511 685 quoque
529 618 630 671 nostris
647 616 758 671 sedibus
775 634 835 672 esse

102 692 248 746 dissimiles
265 691 375 760 debent,
392 694 489 746 tenues
507 708 558 746 ceu
575 710 689 762 corpora
706 710 815 760 eorum;

101 785 171 836 quae
188 767 239 822 tibi
256 769 393 837 posterius
410 768 486 836 largo
504 785 628 822 sermone
646 769 774 837 probabo,
912 787 948 824 rsa

101 845 193 899 dicere
210 860 292 913 porro
309 843 448 898 hominum
466 861 548 899 causa
565 845 680 899 voluisse
698 862 799 913 parare·

99 920 268 990 praeclaram
286 920 381 974 mundi
398 924 523 975 naturam
541 925 742 991 proptereaque

99 996 273 1062 adlaudabile
290 1013 358 1066 opus
376 997 466 1051 divom
484 997 597 1052 laudare
616 998 714 1052 decere

100 1075 294 1140 aeternumque
311 1076 409 1141 putare
426 1077 511 1141 atquc
527 1074 669 1128 inmortale
688 1074 809 1129 futurum

98 1166 149 1203 nec
168 1149 208 1202 fas
226 1165 294 1216 esse,
312 1149 393 1203 deum
412 1150 486 1218 quod
504 1151 539 1204 sit
556 1151 662 1204 ratione
680 1153 790 1205 vetusta
912 1165 948 1203 roo

98 1225 227 1293 gentibus
244 1225 369 1278 humanis
387 1225 532 1279 fundatum
550 1230 682 1293 perpetuo
700 1242 773 1293 aevo,

99 1301 246 1355 sollicitare
265 1300 320 1353 suis
337 1301 393 1353 ulla
410 1301 437 1353 vi
454 1316 488 1352 cx
507 1300 617 1353 sedibus
634 1317 763 1368 umquam

97 1394 148 1431 nec
166 1376 256 1431 verbis
276 1392 375 1430 vexare
393 1379 422 1429 et
440 1374 475 1428 ab
493 1376 547 1428 imo
565 1378 689 1429 evertere
707 1392 818 1440 summa,

97 1456 191 1506 cetera
209 1451 245 1505 de
258 1467 369 1519 genero¹
382 1451 432 1505 hoc
449 1450 589 1519 adfingere
607 1454 637 1504 et
655 1451 765 1519 addere,
785 1451 907 1519 Memmi,

98 1528 259 1597 desiperest.
278 1527 346 1597 quid
364 1529 435 1582 enim
454 1527 643 1582 inmortalibus
660 1531 743 1594 atque
760 1527 850 1582 beatis
910 1543 946 1581 roa

96 1605 186 1672 gratia
204 1606 299 1662 nostra
315 1608 399 1673 queat
415 1604 541 1672 largirier
558 1604 742 1672 emolumenti,

96 1684 129 1734 ut
146 1682 240 1733 nostra
258 1681 402 1748 quicquam
419 1696 500 1734 causa
517 1696 614 1748 gerere
631 1680 844 1749 adgrediunturl

95 1756 197 1824 quidve
214 1756 276 1809 novi
294 1757 384 1824 potuit
401 1759 480 1811 tanto
497 1759 560 1825 post
577 1759 641 1811 ante
661 1757 769 1826 quietos

95 1832 207 1886 inlicere
223 1835 255 1886 ut
272 1837 405 1900 cuperent
421 1832 506 1886 vitam
524 1835 632 1886 mutare
649 1833 785 1899 prioreml

52 1916 84 1951 1⁷⁵
95 1911 132 1975 at,
151 1903 241 1974 crede,
259 1907 426 1961 intenebris
444 1907 501 1960 vita
519 1924 550 1960 ac
568 1923 691 1961 maerore
709 1906 824 1974 iacebat,
909 1922 945 1962 170

96 1983 184 2038 donec
203 1984 302 2037 diluxit
320 1999 412 2036 rerum
431 1981 557 2049 genitalis
575 1982 658 2048 origo.

52 2072 85 2107 1⁷⁰
96 2076 159 2113 nam
177 2060 298 2128 gaudere
316 2058 391 2112 novis
409 2057 492 2111 rebus
511 2056 612 2110 debere
630 2057 742 2111 videtur

95 2136 139 2189 cui
155 2140 263 2190 veteres
280 2134 394 2198 obsunt;
413 2133 462 2188 sed
480 2133 523 2187 cui
541 2133 578 2185 nil
596 2132 696 2195 accidit
714 2134 790 2201 aegri

93 2215 218 2281 tempore
236 2211 265 2264 in
283 2213 416 2278 anteacto,
434 2206 496 2263 cum
513 2209 627 2279 pulchre
645 2207 760 2275 degeret
776 2225 878 2278 aevom,

93 2287 163 2358 quid
180 2288 271 2357 potuit
288 2286 416 2340 novitatis
434 2301 555 2339 amorem
572 2283 721 2339 accendere
739 2285 805 2340 tulii
907 2301 943 2340 175

49 2382 81 2416 ιη
93 2363 194 2431 quidve
212 2364 275 2417 mali
293 2364 384 2417 fuerat
401 2361 479 2415 nobis
496 2378 551 2415 non
569 2377 630 2415 esse
640 2362 763 2422 creatisl

48 2443 173 2494 ornatus
191 2440 263 2493 enim
280 2439 363 2494 debet
381 2438 545 2508 quicumque
563 2441 606 2492 est
624 2437 693 2492 vello
710 2454 821 2494 manere

90 2516 119 2570 in
137 2517 200 2584 vita,
219 2515 305 2572 donee
323 2515 454 2570 retinebit
471 2514 572 2568 blanda
589 2514 721 2584 voluptas

91 2593 138 2661 qui
155 2608 303 2660 numquam
320 2608 385 2646 vero
402 2592 475 2645 vitae
492 2591 614 2658 gustavit
631 2607 751 2644 amorem

90 2685 141 2722 nec
153 2669 205 2722 fuit
216 2668 246 2721 in
257 2684 378 2734 numero,
392 2666 457 2735 quid
470 2667 549 2739 obest
561 2683 614 2720 uon
627 2682 686 2720 esse
699 2666 839 2720 creatuml
907 2679 944 2718 lso

91 2743 246 2813 exemplum
263 2759 345 2811 porro
362 2741 509 2810 gignundis
525 2742 608 2796 rebus
625 2746 654 2795 et
671 2742 730 2810 ipsa

91 2818 203 2872 notities
220 2819 290 2872 divis
308 2819 447 2872 hominum
463 2818 537 2872 unde
555 2820 597 2872 est
614 2816 696 2870 insita
713 2816 840 2887 primum,

92 2893 160 2961 quid
177 2894 278 2949 vellent
296 2895 385 2949 facere
401 2897 434 2949 ut
452 2894 553 2948 scirem
571 2893 715 2962 animoque
732 2893 866 2961 viderent,

91 2985 180 3038 quevo
197 2972 305 3026 modost
322 2988 450 3041 umquam
467 2971 508 3025 vis
526 2970 635 3038 cognita
651 2969 854 3044 principiorum

90 3045 210 3114 qiddque
226 3048 301 3104 inter
317 3066 378 3105 sese
395 3050 559 3122 permutato
575 3046 678 3102 erduie
692 3047 829 3116 possent,
933 3046 979 3080 en

78 3120 106 3172 ai
120 3137 175 3174 non
192 3123 254 3194 ipsa
272 3125 355 3185 dedit
374 3128 525 3202 specimen
542 3129 655 3185 natura
670 3115 814 3179 ereanb'xl
