2040 3426
74 105 132 163 168
482 101 530 157 Vl

72 207 146 276 quod
164 206 187 259 si
206 205 332 273 Iuppiter
350 208 433 274 atque
450 205 496 259 alii
512 205 646 273 fulgentia
663 204 720 257 diri

71 282 193 336 terrifico
210 281 339 350 quatiunt
357 282 448 335 sonitu
465 280 594 335 caelestia
610 279 714 348 templa

71 361 101 413 ct
119 358 221 413 iaciunt
239 358 331 425 ignem
349 374 403 425 quo
420 357 566 425 quoiquest
583 372 700 425 cumque
718 355 852 424 voluptas,

71 451 121 488 cur
138 433 238 502 quibus
254 433 394 487 incautum
412 433 499 486 seclus
518 432 669 487 aversabile
686 435 829 500 cumquest
856 495 859 502 Ι
890 448 931 486 aee

71 527 126 564 non
142 510 248 564 faciunt
264 509 313 563 icti
330 509 453 562 flammas
471 513 502 562 nt
521 509 636 576 fulguris
653 508 747 562 halent

71 590 183 654 pectore
201 586 313 656 perfixa,
333 585 464 639 documen
483 585 644 638 mortalibus
661 601 732 649 acre,

72 665 102 716 et
119 662 211 731 potius
228 661 303 715 nulla
320 660 372 714 sibi
390 661 465 729 turpi
484 661 606 714 conscius
623 661 651 713 in
669 677 700 714 re

72 737 191 792 volvitur
208 739 237 790 in
255 736 372 790 flammis
389 736 516 789 innoxius
531 736 614 803 inque
631 736 747 807 peditur

72 813 182 867 turbine
199 813 311 867 caelesti
330 812 423 867 subito
440 817 583 881 correptus
601 816 630 866 et
647 812 721 879 ignil
891 829 931 868 sse

73 906 122 943 cur
139 890 222 943 ctiam
240 889 299 942 loca
317 889 374 942 sola
391 890 490 957 petunt
507 888 665 957 frustraque
683 888 830 944 laboranti

73 981 107 1018 an
126 968 187 1019 tum
205 965 334 1018 bracchia
351 967 531 1018 consuescunt
550 965 714 1031 firmauitque
732 964 867 1020 lacertosi

72 1041 100 1093 in
118 1044 248 1109 terraque
265 1041 352 1108 putris
371 1058 420 1092 cur
438 1040 522 1093 tolum
540 1039 735 1108 perpetiuntur

74 1117 208 1185 optundit
227 1134 275 1170 cur
292 1117 352 1184 ipsc
371 1117 437 1170 sinit
454 1133 543 1184 neque
561 1116 650 1184 parcit
667 1117 695 1169 in
713 1117 816 1172 hostis‘l

74 1192 191 1260 denique
210 1209 259 1246 cur
277 1208 425 1260 numquam
443 1193 519 1246 caelo
538 1192 602 1246 iacit
620 1193 741 1262 undique
759 1210 828 1263 puro
876 1210 933 1251 ‚roo

74 1267 201 1336 Iuppiter
219 1267 253 1322 in
271 1274 358 1322 terras
376 1268 479 1322 fulmen
497 1269 656 1336 sonitusque
673 1269 833 1338 profundior

73 1360 108 1397 au
126 1343 205 1397 simul
223 1360 255 1398 ac
272 1343 359 1397 nubes
378 1360 539 1413 successere,
557 1344 616 1414 ipse
634 1345 662 1398 in
680 1361 727 1408 eas
744 1348 804 1400 tum

74 1419 223 1488 descendit,
241 1436 327 1488 prope
345 1423 377 1474 ut
394 1420 457 1474 hinc
476 1420 525 1475 teli
543 1420 711 1475 determinet
728 1421 817 1476 ictnsl

73 1495 102 1548 in
120 1512 195 1572 mare
214 1512 268 1563 qua
284 1511 367 1565 porro
385 1496 473 1550 mittit
491 1497 613 1551 rationel
632 1496 701 1566 quid
717 1496 806 1551 undas

74 1571 167 1638 arguit
183 1574 213 1626 et
230 1572 363 1641 liquidam
380 1572 480 1626 molem
499 1589 663 1641 camposque
680 1573 817 1628 natantisl
893 1590 931 1628 roe

75 1651 218 1716 praetcrea
235 1648 258 1700 si
275 1647 336 1701 vult
354 1663 497 1702 caveamus
513 1649 634 1702 fulminis
651 1649 745 1717 ictum,

75 1739 124 1776 cur
142 1722 251 1776 dubitat
268 1722 359 1776 facere
376 1725 408 1776 ut
425 1724 561 1792 possimus
579 1741 692 1779 cernere
709 1725 840 1779 missumt

75 1799 98 1851 si
116 1814 166 1852 nec
183 1797 320 1866 opinantis
337 1801 430 1852 autem
448 1799 506 1854 volt
523 1801 677 1869 opprimere
694 1800 759 1868 igni,

75 1891 125 1928 cur
141 1877 220 1928 tonat
238 1891 273 1928 cx
290 1874 337 1928 illa
355 1879 442 1944 parte,
461 1879 494 1929 ut
511 1877 598 1930 vitare
617 1893 756 1944 queamus,

75 1967 124 2003 cm·
135 1950 264 2004 tenebras
277 1955 341 2005 ante
353 1955 383 2005 ct
394 1951 521 2006 fremitus
533 1956 562 2007 et
573 1969 713 2006 murmura
724 1952 830 2007 conciti
893 1968 932 2007 «nc

75 2030 105 2079 ct
123 2026 204 2080 simul
220 2027 249 2079 in
267 2028 369 2082 multas
386 2029 474 2095 partis
493 2030 539 2097 qui
558 2029 671 2083 credere
688 2028 776 2097 possis

75 2102 203 2157 mitteret
216 2119 251 2156 an
263 2103 313 2157 hoc
326 2105 397 2157 ausis
410 2121 557 2173 numquam
571 2105 736 2158 contendere
748 2104 858 2169 factum,

75 2181 108 2231 ut
125 2178 224 2232 fierent
242 2179 314 2233 ictus
331 2197 385 2234 une
405 2180 456 2234 sub
474 2184 598 2250 tempore
610 2181 720 2249 pluresl

75 2258 105 2307 at
123 2258 232 2323 saepest
249 2272 363 2310 numero
380 2256 484 2310 factum
502 2257 615 2324 fierique
633 2261 778 2324 necessest,

75 2333 108 2382 ut
125 2331 219 2399 pluere
237 2332 264 2384 in
282 2333 376 2387 multis
393 2333 550 2401 regionibus
568 2337 597 2386 et
615 2334 715 2387 cadere
731 2333 835 2399 imbria,
893 2348 931 2385 415

76 2406 190 2461 fulmina
208 2407 246 2460 sic
263 2424 317 2462 uno
336 2409 396 2462 fieri
415 2409 465 2462 sub
484 2412 608 2479 tempore
625 2410 719 2462 multa

77 2485 216 2550 pestremo
235 2499 282 2535 cur
301 2487 394 2536 saneta
412 2486 495 2538 deum
513 2485 629 2539 delubra
646 2501 763 2553 suasque

77 2557 190 2610 discutit
207 2557 308 2611 infesto
325 2558 480 2625 praeclaras
497 2561 610 2616 fulmine
628 2561 707 2615 sedes

77 2637 106 2686 ct
123 2632 194 2687 bene
212 2634 285 2687 facta
303 2634 385 2687 deum
403 2635 506 2704 frangit
524 2638 668 2692 simulacra
686 2639 797 2706 suisque

77 2709 164 2761 demit
182 2709 346 2776 imaginibus
363 2711 481 2765 violento
499 2714 610 2768 volnere
628 2715 774 2768 honorem?
894 2728 935 2767 sm

77 2783 187 2852 altaque
206 2801 254 2838 cur
271 2785 431 2854 plerumque
450 2790 522 2855 petit
539 2789 599 2843 loca
616 2790 787 2859 plurimaque
805 2789 864 2842 cius

77 2860 215 2914 montibus
233 2861 260 2914 in
279 2861 392 2915 summis
410 2864 525 2931 vestigia
544 2867 679 2919 cernimus
696 2867 783 2934 ignisl

113 2937 192 3000 Quod
210 2941 343 3007 superest,
362 2938 467 2992 facilest
485 2956 520 2992 ex
537 2941 579 2994 his
598 2959 759 3010 cognoscere
776 2941 867 3008 rebus,

52 3014 211 3090 presteras
230 3013 299 3068 Grai
317 3031 388 3084 quos
406 3014 443 3071 ab
458 3032 490 3072 re
507 3018 715 3088 nominitarunt,

40 3092 75 3130 111
92 3100 178 3142 mare
196 3108 254 3159 qua
273 3094 355 3150 missi
375 3096 494 3152 ueniant
512 3097 624 3152 ratione
640 3112 773 3165 superne.
906 3111 948 3149 ms

13 3162 99 3230 aarum
116 3161 157 3217 fit
179 3173 211 3221 nt
230 3171 386 3233 interdum
409 3180 568 3247 tamquam
588 3172 719 3228 sensisse
734 3171 868 3226 columna
