2040 3426
69 115 106 172 12
482 111 499 164 Ι

66 217 90 272 si
107 216 211 271 nullum
228 213 307 282 feret,
325 214 394 268 haut
411 229 527 282 usquam
544 212 598 268 sita
615 228 729 283 corpora
746 217 858 283 possent

66 310 128 348 esse
145 303 235 364 neque
253 290 361 345 omnino
378 305 515 360 quoquam
533 290 642 344 diversa
658 306 766 358 meare;

65 369 96 424 id
113 369 189 438 quod
206 368 261 422 iam
279 383 378 436 supera
394 366 448 422 tibi
465 366 545 435 paule
562 367 734 421 ostendimus
751 370 824 422 ante.

65 449 212 514 praeterea
229 442 267 498 nil
285 448 328 499 est
345 442 420 513 quod
437 444 524 512 possis
541 443 634 496 dicere
652 443 687 497 ab
705 443 778 497 omni
882 459 920 499 ese

66 537 180 589 corpere
198 521 351 575 seiunctum
369 522 560 586 secretumque
578 534 638 572 ease
656 518 691 572 ab
710 519 792 585 inani,

66 595 141 664 quod
157 597 236 665 quasi
254 597 339 651 tertia
357 596 393 650 sit
409 611 524 649 numere
541 597 640 648 natura
657 599 775 663 reperta.

65 688 129 725 nam
141 671 331 741 quodcumque
343 672 404 738 erit,
412 684 478 725 ‘esse
489 670 594 738 aliquid
606 670 719 724 debebit
730 671 760 724 id
772 671 877 739 ipsum3

25 762 45 794 ³⁵
66 748 110 800 eui
128 749 151 801 si
169 750 259 802 taetus
277 747 330 802 erit
347 745 473 816 quamvis
490 746 557 801 levis
575 746 762 815 exiguusque,'

25 836 45 868 ³⁴
66 824 194 890 augmine
211 823 254 877 vel
271 823 369 890 grandi
386 822 430 876 vel
447 838 532 890 parvo
549 821 675 890 denique,
694 822 759 876 dum
778 823 823 890 sit,
882 839 919 878 435
953 876 962 891 ‚

66 900 187 967 eorporis
204 899 317 967 augebit
333 914 478 951 numerum
496 913 684 966 summamque
702 903 840 968 sequetur,

66 974 108 1027 sin
125 974 248 1027 intactile
265 973 327 1041 erit,
345 971 420 1025 nulla
437 972 473 1026 de
490 975 570 1042 parte
589 972 664 1041 quod
680 975 764 1028 ullam

66 1064 124 1102 rem
142 1049 287 1116 prohibere
305 1050 389 1116 queat
406 1063 457 1115 per
475 1063 504 1101 se
521 1049 638 1102 transire
656 1053 800 1119 meantem,

66 1124 170 1178 seilicet
186 1125 237 1177 hoe
255 1123 286 1177 id
303 1123 364 1190 erit,
382 1139 497 1177 vacuum
516 1123 591 1192 quod
607 1123 689 1178 inane
706 1142 840 1180 vocamus.

64 1203 209 1268 praeterea
226 1216 276 1269 per
294 1215 324 1253 se
342 1199 534 1268 quodcumque
552 1199 613 1268 erit,
631 1203 681 1255 aut
698 1202 780 1257 faeiet
798 1204 865 1272 quid
882 1219 919 1258 sm

65 1279 115 1330 ant
132 1276 191 1330 aliis
208 1276 285 1344 iungi
303 1275 417 1330 debebit
435 1275 581 1344 agentibus
598 1275 687 1344 ipsum

65 1355 114 1406 aut
131 1353 186 1407 erit
203 1356 236 1406 ut
254 1352 358 1420 possint
375 1352 405 1407 in
423 1369 455 1406 eo
473 1369 518 1407 res
536 1368 597 1406 esse
613 1353 734 1422 gerique.

65 1431 95 1481 at
112 1429 203 1483 faeere
221 1433 250 1482 et
266 1429 344 1496 fungi
361 1429 420 1482 sine
437 1444 550 1495 corpere
567 1428 641 1480 nulla
657 1432 752 1496 petest
769 1447 814 1484 res

65 1519 116 1556 nee
132 1503 266 1572 praebere
283 1503 372 1557 locum
390 1519 471 1570 perro
489 1503 541 1556 nisi
558 1503 637 1556 inane
655 1520 815 1574 vacansque.

65 1593 133 1645 ergo
149 1583 260 1647 praeter
276 1579 356 1632 inane
374 1582 403 1631 et
420 1593 536 1646 corpora
552 1577 637 1631 tertia
653 1595 704 1647 per
721 1597 752 1634 se
881 1596 918 1636 ssa

65 1653 140 1707 nulla
157 1655 250 1721 potest
268 1668 360 1706 rerum
377 1652 406 1705 in
422 1668 536 1706 numero
552 1655 651 1707 natura
668 1655 794 1726 relinqui,

65 1744 116 1782 nee
134 1744 204 1796 quae
223 1726 274 1781 sub
292 1744 388 1781 sensus
406 1726 488 1781 cadat
504 1728 560 1782 ullo
577 1731 702 1799 tempore
719 1735 827 1787 nostros

65 1819 116 1857 nae
132 1804 241 1858 ratione
258 1803 341 1856 animi
359 1819 443 1872 quam
460 1803 606 1872 quisquam
622 1806 710 1874 possit
728 1809 818 1877 apisci.

100 1879 172 1933 Nam
189 1895 377 1949 quaecumque
394 1879 494 1948 cluent,
513 1882 561 1934 aut
578 1881 621 1935 his
639 1884 781 1938 coniuncta
799 1885 906 1940 duabus

65 1955 148 2010 rebus
166 1971 199 2009 ea
215 1955 337 2010 invenies
355 1959 403 2010 aut
420 1955 518 2010 horum
536 1961 635 2012 eventa
653 1959 765 2015 videbis.
880 1977 918 2016 aa

65 2031 238 2086 coniunctum
255 2031 345 2086 estid
362 2031 436 2100 qued
453 2050 587 2102 nusquam
604 2035 663 2090 sine
680 2037 819 2104 perniciali

65 2108 179 2163 discidio
196 2109 269 2179 petis
286 2112 329 2165 est
347 2109 452 2178 seiungi
470 2125 554 2179 seque
571 2112 687 2182 gregari,

64 2185 171 2254 pondus
188 2186 230 2240 uti
248 2186 341 2255 sarriet,
358 2186 432 2240 calor
449 2186 527 2255 ignis,
545 2186 635 2257 liquor
652 2189 738 2258 aquai.

65 2278 155 2312 'I'AO'PUS
165 2279 312 2312 CORPORIBUS
322 2279 421 2313 eunome
431 2280 549 2314 lisuncws
559 2281 632 2315 INANI

65 2334 205 2405 servitium
224 2337 319 2387 eontra
335 2340 484 2403 paupertas
501 2336 676 2406 divitiaeque,
881 2352 917 2391 455

64 2408 179 2461 libertas
195 2408 298 2462 bellum
315 2410 466 2475 concordia,
484 2413 578 2463 cetera
595 2426 711 2477 quorum

65 2482 186 2537 adventu
203 2485 297 2536 manet
315 2483 457 2536 incolumis
474 2487 573 2537 natura
591 2484 731 2554 abituque‚

64 2558 132 2612 haee
150 2557 222 2611 soliti
240 2573 340 2625 sumus,
357 2561 390 2612 ut
407 2574 457 2624 par
474 2562 525 2626 est,
543 2562 642 2613 eventa
658 2577 762 2616 vocare.

64 2638 174 2704 tempus
191 2634 260 2688 item
276 2649 327 2702 per
344 2650 374 2688 se
391 2650 443 2687 nen
463 2637 514 2702 est,
533 2632 583 2688 sed
600 2634 682 2690 rebus
699 2636 735 2691 ab
752 2637 819 2707 ipsis

64 2710 241 2781 consequitur
259 2727 360 2776 sensus,
378 2713 548 2766 transactum
567 2711 634 2781 quid
652 2713 733 2766 sitin
751 2731 825 2779 aevo,
880 2729 917 2768 see

64 2791 125 2842 tum
143 2806 214 2858 qnae
231 2805 277 2843 res
294 2788 387 2856 instet,
405 2787 472 2857 quid
489 2804 571 2858 perro
590 2788 691 2845 deinde
708 2795 846 2859 sequatur.

64 2881 115 2918 nee
132 2882 182 2933 per
199 2883 229 2920 se
247 2881 413 2936 quemquam
430 2867 540 2935 tempus
558 2868 661 2921 sentire
677 2868 848 2922 tatendumst

64 2945 200 2995 semotum
217 2943 252 2996 ab
269 2961 362 2998 rerum
379 2947 457 2998 motu
474 2945 637 3014 placidaque
654 2945 754 3014 quiete.

65 3017 183 3086 denique
202 3019 384 3088 Tyndaridem
403 3025 511 3090 raptam
529 3021 657 3090 belloque
675 3020 801 3074 subantes

64 3093 232 3164 Troiugenas
249 3097 421 3164 gentiacum
439 3098 535 3154 dieunt
552 3113 620 3165 esse,
638 3096 815 3152 videndumst
843 3138 848 3148 .
881 3111 919 3173 ma

63 3185 99 3225 ne
116 3171 187 3227 forte
204 3173 272 3228 haee
288 3189 339 3242 per
356 3189 387 3227 se
405 3177 505 3242 cogant
522 3190 572 3227 nos
589 3189 649 3228 esse
667 3172 758 3241 fateri,
