2040 3426
465 117 530 174 viii*

128 261 272 314 699—634.
307 257 396 311 lecum
413 255 485 309 hunc
502 250 639 309 difficilem
653 265 727 319 sane,
741 251 796 306 sed
815 251 926 307 minime

77 347 242 412 corruptum,
256 359 349 396 omnes
368 341 488 395 editores
499 355 516 393 a
528 335 661 392 Lambine
681 352 770 407 usque
786 336 823 390 ad
840 337 925 390 Lach-

76 444 204 482 mannnm
216 431 245 480 et
257 425 435 494 Bernaysium
453 423 568 478 diversis
584 422 673 477 modis
689 422 815 478 certatim
827 423 925 493 depra-

76 516 180 568 varunt.
215 513 337 567 conferas
362 511 443 565 velim
466 528 537 580 quae
554 512 614 566 fuse
631 511 697 565 elim
714 510 750 565 de
768 526 801 565 ee
818 510 847 565 in
864 527 925 564 ann.

75 599 141 667 phil.
157 599 309 653 Cantabr.1
326 616 369 668 pp.
383 603 486 652 29-32
502 600 532 653 ct
548 601 686 654 252—258
704 597 852 666 disputavi.
880 597 925 651 hic

75 684 198 740 breviter
209 702 279 754 quae
291 686 480 741 Lachmanuus
496 687 619 754 peccavit
631 688 728 741 notare
745 684 812 740 satis
829 684 924 752 habeo,

76 770 123 839 qui
135 776 185 826 590
198 772 267 839 qaia
279 789 349 826 nam
362 771 441 826 dedit
458 789 509 842 pre
526 783 672 841 QUOMAM,
691 778 742 828 600
758 788 809 841 pre
825 781 924 822 nnius

74 853 170 922 ullius,
178 860 226 909 611
237 855 364 909 adoram
375 872 426 926 pre
437 864 580 912 [11011611.
616 856 676 925 ipse
687 857 809 911 tibrum
820 855 923 923 scripsi.

75 944 125 994 628
137 939 297 1008 pravissime
316 940 464 995 Lambinus
481 941 515 996 ni
531 957 582 1010 pro
599 953 626 994 sl
643 945 673 997 et
690 947 739 998 631
759 942 857 996 multis
873 957 923 1008 pre

73 1033 197 1091 numm
216 1040 297 1093 quern
310 1026 396 1081 sceuti
408 1029 473 1082 sunt
483 1043 577 1082 omnes
589 1027 626 1082 ad
636 1045 721 1082 unum
733 1029 860 1084 editores,

27 1116 29 1120 ’
126 1115 177 1164 645
212 1127 266 1166 cur
277 1113 390 1182 possint
405 1130 460 1169 esso
480 1115 596 1182 repaire
614 1115 673 1170 sine
689 1119 755 1170 nota
771 1115 919 1182 interroga-

7 3346 45 3388 h

73 1193 157 1249 tionis
180 1198 283 1267 scripsi.
311 1199 483 1255 membranae
504 1203 535 1255 ct
556 1201 678 1257 editores
699 1203 794 1256 contra
814 1201 922 1267 linguae

73 1277 149 1348 leges
160 1293 219 1334 cun
231 1287 373 1340 rossnuri

125 1370 175 1426 657
205 1386 255 1439 pre
267 1371 522 1428 uuerdedinasci.
552 1373 850 1428 Lachmannusadesse.
872 1373 922 1426 hoc

73 1453 233 1508 vecabuhun
250 1456 376 1510 ultimum
394 1460 455 1512 erat
472 1457 610 1526 archetypi
628 1459 743 1526 paginae
762 1458 922 1511 vicensimae

73 1537 212 1606 septimae.

125 1627 174 1676 681
213 1633 282 1673 amo
295 1638 356 1676 cum
371 1623 536 1679 membranis
548 1624 743 1680 Lachmaunus.
766 1625 922 1693 Lambinus,

74 1706 219 1776 flagitante
232 1709 376 1778 sententis,
389 1709 457 1765 aira.

126 1795 176 1850 720
212 1810 262 1862 pre
274 1805 367 1845 UNDIS
380 1794 569 1849 Lachmaunus
581 1795 704 1851 undans.

126 1880 176 1936 752
211 1895 305 1959 versus
318 1879 347 1933 in
363 1881 418 1934 fine
438 1879 551 1935 mutilus
572 1884 625 1936 est.
648 1881 792 1936 Lucretius
814 1884 923 1952 scripsit

73 1966 107 2019 irs
132 1966 197 2021 ius.
225 1965 413 2020 Lachmannus
434 1965 604 2036 ineptissime
624 1971 773 2036 prorsum.
803 1969 838 2025 cf.
861 1985 921 2024 anu.

72 2051 138 2120 phil.
151 2052 231 2106 (iant.
245 2066 256 2105 1
268 2068 293 2120 p.
306 2058 347 2106 29.

126 2139 175 2194 756
211 2142 303 2204 utque.
337 2134 402 2191 libri
412 2138 556 2204 11706161
568 2151 598 2192 v1
612 2139 686 2195 1007.
722 2139 838 2206 vespm
850 2148 923 2190 Iram

73 2224 262 2280 Lachmannus
273 2225 337 2292 etei,
349 2227 380 2280 ct
392 2225 442 2282 765
453 2239 505 2292 pre
516 2234 608 2283 61061
619 2222 694 2278 idem
705 2239 798 2290 usque.
820 2225 854 2279 ci.
863 2241 923 2279 ann.

72 2307 137 2377 phil.
151 2308 229 2363 Cant.
241 2323 253 2362 1
264 2325 290 2377 p.
305 2314 346 2364 39.

126 2395 183 2461 769,
202 2409 284 2460 quem
296 2391 476 2461 emisi,=762.

126 2481 176 2537 778
206 2486 344 2531 crearer.
361 2475 549 2529 Lachmannus
557 2475 802 2542 neeseeutmihi
812 2475 924 2544 quidem

72 2563 189 2633 ridetur,
201 2563 260 2616 sinc
270 2561 328 2616 ulla
339 2560 450 2614 minima
462 2575 550 2614 causa.

124 2656 174 2706 806
210 2638 273 2703 iibri
280 2660 323 2702 uu.
349 2645 505 2700 Priscianus
516 2652 643 2712 atquem
655 2644 806 2698 rectissime
815 2648 925 2700 secutus

73 2739 116 2789 est
129 2735 298 2802 Bernaysius.
310 2734 344 2788 cf.
355 2749 415 2787 ann.
428 2730 493 2799 phil.
505 2729 584 2783 Oant.
597 2742 609 2781 1
620 2745 646 2797 p.
658 2734 699 2782 44.
734 2729 817 2783 miras
828 2729 925 2784 turbes

72 2820 117 2873 hic
141 2822 245 2876 conciet
270 2820 466 2887 Lachmannus,
493 2817 539 2885 qui
560 2822 610 2871 806
635 2817 665 2868 et
677 2817 727 2871 807
745 2815 860 2870 inversis
879 2815 925 2870 de

73 2904 137 2959 inde
149 2923 199 2974 pro
212 2917 347 2958 annuens
359 2904 526 2973 ineptissime
537 2905 666 2958 ambusta
679 2902 781 2956 scribit.

125 2998 176 3048 830
211 2992 274 3046 libri
291 2992 444 3046 rectissime
461 3001 503 3043 ur.
548 2990 737 3044 Lachmannus
755 2995 794 3056 ut,
807 2987 854 3056 qui
871 2986 924 3054 hic,

74 3078 146 3133 sicut
157 3093 238 3146 saepe
251 3076 326 3146 alias,
338 3075 497 3133 Lucretium
509 3091 639 3144 umquam
650 3081 676 3130 et
686 3091 737 3144 pre
748 3075 836 3131 etiam
843 3089 924 3130 usum

73 3165 350 3233 csseirustrairegat.
