2040 3426
102 111 167 167 ΠΨ
496 104 545 160 VI

98 215 242 281 praetcrea
260 209 339 265 docui
356 208 472 262 multum
489 223 599 278 quoque
615 208 712 263 tollere
728 209 818 265 nubes

98 303 221 341 umorem
238 301 337 354 magno
352 286 515 353 conceptum
533 299 568 338 ex
585 299 705 352 mquore
721 287 801 355 ponti

99 367 129 417 et
146 362 249 432 passim
267 364 327 416 toto
344 362 481 415 terrarum
498 360 675 431 spergerein
692 361 760 431 orbi,

100 455 163 493 cum
180 439 251 506 pluit
267 437 295 491 in
312 437 396 492 terris
413 439 443 490 et
460 437 536 490 renti
553 436 648 492 nubila
666 440 786 506 portant.
923 457 962 498 mo

99 517 237 584 postremo
255 513 383 582 quoniam
399 528 463 567 raro
479 529 541 567 cum
559 529 674 582 corpore
691 513 775 568 tellus
1012 509 1016 514 ’

100 592 151 657 est,
170 593 199 643 et
216 591 394 654 coniunctast,
411 605 473 643 oras
489 588 572 642 maris
590 588 713 656 undique
731 580 856 660 cingens}

101 665 194 733 debet,
211 669 243 720 ut
260 665 289 719 in
306 681 383 719 mare
400 664 437 718 de
453 665 537 718 terris
554 665 629 718 venit
646 681 726 718 umor
743 666 832 734 aquai,

98 741 128 794 in
144 745 233 796 terras
250 741 347 796 itidem
365 751 475 793 manare
494 757 529 794 cx
546 756 664 808 aequore
681 740 768 806 suls03

101 817 255 887 percolatur
272 817 345 872 enim
362 817 436 871 virus
453 819 582 884 retroque
599 819 725 870 remanat
922 833 960 874 oso

100 893 229 948 materies
246 893 348 947 umoris
366 896 396 947 ot
413 893 449 946 ad
467 896 550 960 caput
567 892 692 946 amnibus
709 893 798 947 omnis

99 968 219 1036 confluit
237 969 302 1023 inde
319 985 402 1037 super
419 972 509 1022 terras
526 968 601 1022 redit
617 968 726 1036 agmine
744 969 817 1024 dulci

99 1061 155 1112 qua
171 1046 214 1098 via
231 1048 306 1098 secto
323 1045 407 1097 semel
424 1043 528 1112 liquido
545 1044 617 1112 pedo
635 1044 736 1098 detulit
753 1045 863 1115 undas]

134 1120 160 1171 N
162 1136 213 1173 unc
230 1120 301 1173 ratio
319 1135 389 1186 quae
407 1119 450 1187 sit,
467 1135 519 1188 per
535 1119 628 1174 fauces
644 1119 744 1174 montis
760 1123 794 1174 ut
812 1123 924 1177 Aetnae

100 1196 227 1264 expirent
243 1195 320 1262 ignes
337 1195 476 1251 interdum
493 1194 708 1264 turbinetanto,
917 1213 956 1251 em
1015 1252 1018 1257 ,

101 1271 254 1340 expediam.
270 1287 360 1339 neque
378 1272 449 1325 enim
467 1271 598 1325 mediocri
615 1272 693 1325 clade
710 1275 806 1326 coorta

101 1346 226 1401 flammea
243 1350 395 1416 tempestas
414 1347 535 1402 Siculum
553 1346 692 1400 dominata
708 1364 760 1416 per
777 1365 859 1417 agros

101 1423 223 1476 finitimis
241 1423 277 1477 ad
295 1440 325 1478 se
342 1424 478 1479 convomit
495 1422 623 1492 gentibus
641 1439 696 1490 ora,

100 1497 206 1552 fumida
222 1515 284 1552 cum
302 1499 370 1554 ceeli
387 1499 537 1555 scintillare
554 1499 645 1553 omnia
661 1499 765 1566 temple

101 1579 244 1628 cernentes
261 1575 362 1644 pavida
378 1575 553 1644 complebant
569 1578 681 1643 pectora
698 1592 771 1640 cura
919 1592 958 1631 eas

56 1708 60 1715 ⁸
102 1651 169 1718 quid
185 1650 328 1704 moliretur
344 1666 438 1704 rorum
454 1653 554 1704 natura
570 1667 710 1704 novarum.

138 1725 221 1778 Hisce
239 1725 290 1778 tibi
306 1726 334 1778 in
351 1725 434 1779 rebus
452 1725 535 1779 latest
553 1725 663 1792 alteque
680 1727 828 1780 videndum

101 1805 130 1854 ct
148 1801 226 1867 longo
244 1802 355 1854 cunctus
373 1799 401 1853 in
418 1800 506 1868 pertis
523 1800 729 1869 dispiciendum,

100 1881 132 1930 ut
150 1875 331 1929 reminiscaris
349 1891 483 1930 summam
499 1891 592 1930 rerum
609 1892 671 1931 esse
688 1877 854 1946 profundam

101 1958 130 2006 et
148 1953 240 2005 uideas
257 1952 363 2006 eaelum
381 1951 496 2006 summai
513 1952 599 2006 totius
615 1968 714 2007 unum,
920 1967 958 2006 eso

101 2047 182 2098 (liram
200 2029 235 2082 sit
252 2029 364 2098 parvule
381 2045 446 2098 pars
463 2032 493 2082 et
510 2045 592 2097 quam
610 2029 765 2083 multesima
782 2032 891 2084 constet

101 2123 152 2159 noc
170 2109 229 2158 tota
246 2122 317 2173 pars,
338 2104 420 2158 homo
436 2105 522 2159 terrai
539 2108 624 2173 quota
640 2105 725 2159 totius
742 2122 820 2159 unus.

101 2181 175 2248 quod
192 2181 263 2235 bene
279 2181 450 2250 propositum
468 2181 491 2234 si
507 2181 588 2249 plane
605 2183 753 2235 contueare

102 2274 133 2310 ac
151 2257 244 2310 uideas
262 2258 350 2326 plane,
368 2257 460 2310 mirmi
478 2256 565 2310 multa
582 2257 727 2324 relinquas.

101 2334 228 2401 numquis
246 2334 318 2389 cuim
335 2336 459 2387 nostrum
476 2333 592 2386 miratur
610 2332 695 2400 siquis
711 2333 740 2386 in
756 2335 834 2386 artus
923 2346 961 2384 am

100 2409 205 2477 accepit
223 2408 310 2462 calido
327 2408 427 2462 febrim
443 2410 551 2462 fervore
568 2412 689 2462 coortam

101 2488 150 2540 aut
167 2483 250 2537 alium
268 2483 391 2551 quemvis
408 2484 497 2538 morbi
514 2501 564 2552 per
581 2483 704 2538 membre
722 2483 861 2538 dolorem?

101 2559 271 2628 opturgescit
289 2558 362 2612 onim
380 2559 471 2612 subito
488 2576 545 2629 pes,
563 2559 661 2628 arripit
677 2576 741 2614 acer

102 2651 185 2705 saepe
202 2635 280 2688 dolor
298 2633 403 2702 dentes,
421 2634 513 2690 oeulos
530 2635 636 2689 invadit
653 2635 681 2688 in
698 2636 780 2705 ipsos,

102 2712 196 2766 existit
215 2728 292 2765 sacer
308 2711 379 2779 ignis
396 2714 426 2766 et
443 2711 499 2765 urit
517 2727 631 2780 corpore
648 2728 760 2781 serpens
922 2725 961 2764 eoo

102 2804 301 2855 quamcumque
319 2787 436 2855 arripuit
452 2787 561 2856 partim,
579 2788 705 2856 repitque
722 2789 873 2856 perettus,

102 2863 229 2916 nimirum
250 2864 314 2931 quia
332 2867 396 2918 sunt
413 2863 562 2917 multarum
579 2863 682 2916 semina
699 2879 800 2929 rerum,

103 2942 132 2992 et
150 2939 216 2992 satis
233 2939 301 2994 haec
320 2941 401 2994 tellus
418 2939 496 2994 nobis
513 2939 674 3007 caelumque
691 2939 756 2992 mali
773 2939 836 3009 fert,

98 3014 174 3068 unde
190 3019 276 3084 queat
298 3018 336 3071 ris
353 3015 481 3070 immensi
498 3031 671 3085 procrescere
688 3015 782 3070 morbi.

74 3088 122 3141 mc
136 3090 229 3158 rssgr'tur
245 3095 303 3149 toti
318 3096 398 3152 caelo
417 3098 572 3165 terraeque
588 3091 773 3164 putandumst
924 3105 965 3142 effi

58 3172 102 3213 ox
116 3165 234 3223 Infinita
256 3172 333 3228 satis
353 3174 455 3229 omnia
474 3170 673 3244 suppeditare,
