2040 3426
121 131 158 188 aa
397 114 406 133 ·
528 125 563 184 11

119 233 245 293 naturam
262 245 355 284 rerum
372 229 481 284 mutare
498 235 528 284 et
545 232 654 285 vertero
671 233 768 288 motus.

157 307 232 360 Illud
249 305 277 358 in
294 305 337 360 his
354 302 438 359 rebus
454 321 511 360 non
528 309 572 361 est
588 306 720 377 mirabile,
738 323 830 377 quare,

119 382 210 436 omnia
227 398 289 435 cum
306 399 400 436 rerum
417 382 568 451 primordia
585 383 641 437 sint
658 383 687 436 in
704 388 790 452 motu,

120 470 228 512 summa
245 462 338 512 tamon
357 474 462 511 summa
479 458 606 513 rideatur
624 462 698 513 staro
716 460 815 528 quiete,
936 475 972 514 aro

119 536 315 604 praeterquam
334 533 425 602 siquid
443 536 555 603 proprio
572 535 622 588 dat
639 551 753 604 corpore
770 540 868 589 motus.

118 610 204 664 omnis
223 610 295 663 onim
313 610 394 677 longe
412 610 514 664 nostris
532 611 568 665 ab
585 611 710 665 sensibus
727 612 798 665 infra

117 685 268 755 primorum
285 689 385 740 natura
403 685 489 751 iacet3
507 691 684 756 quapropter,
702 687 750 741 ubi
767 688 827 758 ipsa

119 777 232 816 cernere
249 762 304 815 iam
322 778 450 831 nequeas,
469 765 561 815 motus
579 779 686 831 quoquo
704 779 818 832 surpere
836 762 952 828 debent;

118 837 283 906 praesertim
301 854 371 904 oum,
389 852 459 904 quae
476 837 610 904 possimus
628 854 747 904 cernere,
765 839 855 894 celent
934 854 970 892 ³15

119 928 201 982 saepe
218 916 312 966 tamen
330 914 422 965 motus
440 911 529 979 spatio
549 912 662 965 diducta
679 912 807 970 locorum.

117 1004 181 1041 nam
199 1003 281 1056 saepe
297 988 326 1040 in
343 987 405 1040 colli
422 986 569 1041 tondentes
588 986 688 1055 pabula
705 987 779 1042 laeta

116 1063 252 1131 lanigerae
270 1066 382 1130 reptant
399 1061 591 1131 pecudesque
608 1079 745 1132 quamque
761 1067 890 1120 vocantes

116 1138 234 1192 inritant
250 1137 352 1192 herbae
369 1142 541 1206 gemmantes
559 1155 622 1192 rore
639 1140 752 1208 recenti,

116 1217 146 1269 et
164 1214 255 1268 satiati
273 1214 336 1282 agni
353 1214 454 1268 ludunt
470 1213 625 1283 blandeque
643 1219 801 1282 coruscant;
931 1233 969 1271 sao

116 1290 206 1344 omnia
223 1307 293 1359 quae
311 1290 389 1345 nobis
405 1290 487 1358 longe
506 1292 618 1345 confusa
634 1291 765 1347 ridentur

116 1369 146 1421 et
162 1367 239 1421 velut
255 1367 284 1420 in
301 1366 381 1421 viridi
400 1366 502 1420 candor
519 1368 669 1422 consistere
687 1368 758 1422 colli.

115 1446 260 1512 praeterea
277 1459 393 1510 magnae
411 1441 532 1509 legiones
549 1459 611 1497 omn
629 1443 688 1498 loca
705 1461 787 1499 cursu

115 1535 274 1586 camporum
292 1517 431 1585 complent
448 1516 514 1570 belli
532 1519 675 1573 sinulaora
692 1520 802 1588 cientes,

114 1594 205 1660 fulgor
221 1593 259 1644 ibi
277 1592 313 1644 ad
331 1590 436 1645 caelum
454 1607 485 1644 so
502 1592 574 1646 tollit
562 1595 745 1661 ttotaque'
722 1612 823 1650 circum
929 1613 966 1653 aaa

115 1684 179 1722 aere
196 1667 343 1720 renidescit
360 1664 442 1726 tellus
460 1668 610 1735 supterque
627 1667 715 1721 virum
731 1671 759 1724 si

115 1743 222 1798 excitur
239 1740 355 1810 pedibus
373 1740 479 1794 sonitus
496 1740 669 1810 clamoreque
686 1749 793 1799 montes
904 1786 916 1805 .

113 1819 162 1873 icti
180 1817 314 1871 reiectant
332 1831 413 1869 voces
431 1815 468 1868 ad
486 1815 577 1870 sidera
593 1818 689 1870 mundi

115 1897 144 1948 et
162 1892 382 1947 circumvolitant
400 1894 507 1960 equltes
523 1892 683 1961 mediosque
700 1900 815 1964 repento

114 1970 273 2024 tramittunt
290 1967 380 2022 valido
398 1969 554 2038 quatientes
571 1968 674 2037 impeto
693 1987 809 2039 campos.
926 1976 963 2014 33⁰

114 2048 144 2100 ot
161 2048 254 2099 tamen
272 2048 315 2099 est
333 2045 444 2112 quidam
462 2045 537 2098 loous
555 2044 618 2098 altis
635 2045 772 2100 montibus
790 2047 866 2103 undo

115 2125 189 2177 stare
206 2121 336 2176 videntur
353 2124 383 2175 et
400 2122 428 2174 in
446 2120 550 2190 campis
569 2122 716 2176 consistere
733 2122 830 2192 fulgor.

150 2198 230 2252 Nunc
249 2214 299 2266 age
317 2197 372 2250 iam
391 2197 521 2266 deinceps
540 2201 699 2252 cunctarum
719 2200 829 2254 exordia
847 2217 939 2256 rerum

114 2275 205 2342 qualia
223 2274 279 2327 sint
297 2277 326 2328 et
343 2290 425 2342 <qnam
443 2273 523 2340 longe
542 2273 672 2328 distantia
688 2275 782 2329 formis

114 2350 232 2419 percipe,
250 2350 407 2415 multigenis
425 2366 506 2416 quam
525 2350 581 2403 sint
599 2351 703 2405 variata
721 2351 829 2419 figuris;
928 2368 964 2406 aaa

114 2441 167 2478 non
186 2441 240 2491 quo
258 2423 345 2476 multa
363 2441 459 2490 parum
478 2424 558 2476 simili
576 2426 630 2477 sint
647 2428 773 2492 praedita
791 2429 885 2495 forma,

114 2499 164 2552 sed
182 2498 246 2565 quia
263 2513 317 2549 non
334 2497 413 2563 volgo
430 2498 509 2564 paria
526 2498 651 2550 omnibus
669 2500 760 2567 omnia
777 2504 909 2556 constent.

113 2591 164 2628 nec
181 2573 296 2637 mirum3
312 2588 375 2624 nam
394 2587 456 2624 oum
474 2572 511 2624 sit
528 2587 623 2625 eorum
640 2573 718 2642 copia
735 2577 813 2628 tanta

113 2653 145 2704 ut
163 2664 251 2716 neque
269 2647 338 2715 finis,
355 2647 397 2700 uti
415 2646 502 2716 docui,
519 2663 608 2716 neque
626 2664 731 2702 summa
748 2650 784 2703 sit
801 2650 864 2718 ulla,

114 2725 217 2780 debent
234 2724 360 2777 nimirum
377 2739 431 2776 non
448 2722 573 2778 omnibus
590 2725 684 2778 omnia
697 2741 822 2793 prorsum
926 2743 961 2782 aro

114 2817 174 2856 esse
192 2801 252 2871 pari
270 2800 315 2854 filo
333 2798 467 2867 similique
485 2799 594 2854 adfecta
611 2801 705 2868 figura

115 2882 238 2946 praestat
256 2893 314 2931 rem
332 2881 419 2944 genus
436 2875 583 2929 humanum
601 2880 748 2946 mutaeque
765 2879 891 2930 natantes

115 2953 315 3019 squamigerum
333 2951 453 3022 pecudes
471 2956 500 3007 et
516 2952 589 3007 laete
606 2958 730 3007 armenta
747 2953 874 3021 feraeque

99 3027 132 3071 et
152 3026 246 3078 ranae
265 3027 398 3096 volucres,
417 3027 551 3084 laetantia
568 3044 638 3098 quae
655 3028 714 3082 loca
732 3045 862 3097 aquaunn

79 3095 287 3153 concelebrant
305 3104 415 3159 circum
432 3105 512 3177 ripas
528 3105 674 3176 fontisque
687 3105 832 3175 lacusque,
931 3120 971 3158 aa

60 3160 96 3204 οι
114 3179 194 3224 ‘Im
209 3179 398 3247 pervolgant
416 3200 541 3241 nemora
559 3184 627 3240 avia
643 3185 869 3256 permittentem
