2040 3426
101 115 158 174 132
229 160 233 166 .
514 109 546 166 V

99 219 245 287 propterea
261 214 294 269 tit
310 213 352 268 uti
370 229 498 281 magnum
516 211 625 280 volgata
642 227 693 282 per
710 227 805 265 acrem

100 309 179 346 omno
195 307 281 359 genus
300 294 394 344 coetus
412 293 441 342 ct
459 291 549 341 motus
567 287 737 356 experiundo

100 367 212 422 tandem
230 365 391 420 conveniant
409 380 528 431 eaquae
547 366 676 417 convecta
693 367 809 432 repente

100 460 259 512 magnarum
277 458 369 495 rerum
386 441 456 493 fiunt
473 440 585 493 exordia
603 456 692 508 saepe,
916 453 955 494 430

100 520 183 574 terrai
202 519 284 572 maris
302 520 331 571 et
348 516 416 570 caeli
433 515 596 583 generisque
616 517 793 571 animantum.

135 596 190 649 Ilio
207 610 296 663 neque
313 597 374 646 tum
392 591 456 646 solis
474 595 535 645 rota
553 591 627 645 cerni
644 591 747 647 lumine
763 593 843 660 largo

100 671 243 725 altivolans
260 672 371 739 poterat
388 685 439 722 nee
456 668 548 735 magui
567 667 658 722 sidera
676 668 772 722 muudi

99 764 149 801 nee
167 761 310 800 maroneo
329 745 433 799 caelum
451 760 501 798 nee
520 743 639 812 denique
656 747 731 798 terra
748 760 906 814 nequeam·

99 839 149 877 nee
167 822 264 876 similis
281 821 383 874 nostris
400 820 484 874 robus
502 836 548 874 res
565 819 621 874 ulla
638 820 734 888 rideri,
918 835 954 875 ma

99 899 149 952 scd
166 914 235 952 nova
252 900 402 965 tempestas
421 895 557 965 quaedam
575 895 715 965 molesque
732 899 827 951 coorta

55 985 85 1018 ¹⁴⁰
99 990 179 1027 omno
196 989 283 1041 genus
301 972 336 1026 de
354 972 501 1040 principiis,
521 971 657 1025 discordia
675 988 791 1041 quorum

98 1049 242 1103 intervalla
259 1049 317 1101 rias
335 1065 453 1102 conexus
472 1048 595 1114 pondera
612 1049 708 1117 plagas

99 1141 244 1178 concursus
262 1128 352 1176 motus
370 1123 501 1176 turbabat
518 1123 622 1192 proelia
638 1125 762 1193 miscens,

97 1203 212 1269 propter
230 1197 366 1252 dissimilis
384 1199 484 1252 formas
502 1199 646 1267 variasque
663 1200 765 1268 figuras
917 1213 955 1252 ato

98 1274 175 1344 quod
191 1291 245 1329 non
263 1273 354 1328 omnia
372 1275 410 1328 sie
428 1277 558 1343 poteraut
575 1275 718 1329 coniuncta
734 1292 847 1330 manere

55 1371 85 1404 so
98 1369 150 1406 nee
166 1355 257 1406 motus
274 1351 347 1405 iuter
365 1367 425 1404 sese
443 1350 510 1404 dare
528 1351 719 1406 convenientis.
802 1364 804 1369 ’

55 1439 84 1473 1³⁷
99 1427 232 1495 diffugere
249 1426 314 1481 inde
331 1427 383 1480 loei
401 1430 495 1495 partos
514 1442 628 1494 coepere
645 1443 781 1496 paresque

98 1520 159 1556 cum
178 1503 289 1571 paribus
306 1503 382 1570 iungi
400 1519 445 1555 res
463 1501 665 1556 et'diseludere
683 1504 817 1557 mundum

98 1578 276 1647 membraque
294 1579 417 1633 dividere
436 1581 465 1632 et
482 1594 596 1645 magnas
615 1578 759 1647 disponere
776 1582 879 1648 partes,
917 1595 954 1634 eas

54 1668 84 1701 aa
99 1653 149 1707 hoe
167 1654 217 1720 est,
235 1669 252 1707 a
269 1655 350 1707 tonis
368 1654 454 1708 altum
473 1670 615 1708 soeemere
634 1655 746 1719 caelum,

99 1730 128 1782 et
146 1744 250 1781 sorsum
267 1745 343 1782 mare
360 1729 402 1783 uti
420 1732 526 1783 secreto
544 1745 638 1783 umore
656 1733 773 1797 pateret,

98 1819 206 1857 seorsus
224 1803 291 1857 item
308 1804 371 1872 puri
389 1805 541 1873 secretique
558 1805 677 1859 aetheris
695 1805 779 1873 ignes.

134 1879 241 1948 Quippe
258 1880 359 1934 etenim
377 1881 495 1948 primum
513 1881 598 1935 terrai
615 1897 728 1950 corpora
745 1898 882 1950 quaeque,

97 1960 244 2024 propterea
262 1956 336 2024 quod
355 1959 433 2011 erant
451 1957 545 2024 gravia
562 1961 592 2011 et
608 1957 748 2026 perplexa,
767 1957 878 2013 coibant
916 1974 954 2012 eso

97 2031 126 2084 iu
144 2031 235 2086 modio
253 2036 338 2101 atquc
356 2034 424 2086 imos
442 2032 587 2102 capiebant
604 2033 695 2087 omnia
713 2033 808 2099 sedes3

98 2124 168 2176 quae
186 2112 287 2177 quanto
305 2109 391 2176 magis
409 2109 482 2162 inter
500 2125 530 2163 se
546 2108 678 2177 perplexa
695 2109 812 2177 coibant,

97 2187 155 2237 tam
173 2185 259 2252 magis
277 2201 437 2253 expressere
455 2201 487 2238 ea
505 2201 576 2253 quae
594 2201 670 2238 mare
688 2185 780 2239 sidera
797 2185 886 2240 solem

96 2258 243 2328 lunamque
261 2261 399 2314 efficerent
417 2264 446 2314 et
463 2260 553 2328 magui
572 2261 678 2315 moenia
695 2260 798 2314 mundi.

97 2337 187 2388 omnia
204 2336 275 2388 cuim
294 2337 380 2404 magis
398 2337 499 2390 hacce
517 2334 622 2389 levibus
640 2341 723 2404 atquo
741 2337 871 2390 rutundis
916 2354 954 2392 aas

98 2412 246 2464 seminibus
264 2412 405 2480 multoque
423 2412 566 2466 minoribu’
586 2417 651 2466 sunt
669 2412 812 2467 elementis

99 2503 181 2554 quam
199 2486 287 2539 tellus.
306 2487 375 2556 idco,
393 2505 443 2556 per
461 2489 788 2554 raraf01·amina,tcrrae

98 2561 223 2630 partibus
241 2578 385 2629 crumpens
403 2565 507 2632 primus
525 2581 554 2618 se
573 2565 683 2618 sustulit
700 2565 798 2618 aether

98 2638 196 2705 ignifer
213 2640 243 2691 ct
261 2638 361 2691 multos
380 2656 470 2694 secum
488 2640 556 2694 levis
574 2640 689 2694 abstulit
705 2641 783 2709 iguis,
989 2706 993 2713 Ι

98 2730 152 2768 nou
170 2714 223 2767 alia
241 2714 319 2783 longe
337 2715 444 2770 ratione
462 2732 494 2770 ac
512 2733 593 2784 saepe
612 2716 742 2784 videmus,
917 2732 957 2772 sao

99 2806 181 2844 aurea
199 2807 259 2844 cum
278 2792 396 2860 primum
414 2793 578 2860 gemmantis
595 2809 657 2846 rore
677 2809 727 2861 per
744 2791 845 2846 herbas

98 2867 232 2920 matutina
250 2867 350 2921 rubent
366 2868 466 2921 radiati
483 2867 586 2920 lumina
604 2868 667 2921 solis

99 2940 282 3010 exhalantque
299 2942 373 2997 lacus
391 2943 518 2997 nebulam
537 2944 666 3012 fluviique
683 2959 825 3013 perennes,

94 3015 211 3084 ipsaque
229 3020 261 3071 ut
277 3019 419 3075 interdum
436 3021 519 3074 tellus
537 3020 642 3073 fumare
659 3020 785 3086 videtum

80 3092 174 3145 omnia
192 3111 268 3162 quae
286 3113 404 3154 sursum
422 3115 489 3155 eum
505 3097 699 3164 conciliantur,
709 3096 745 3148 in
758 3095 817 3147 alto
926 3111 967 3148 m

95 3178 195 3240 nire
206 3179 346 3233 concreto
368 3175 537 3233 subtexunt
554 3172 658 3228 nubila
672 3171 793 3226 eaelum.
