2040 3426
508 74 537 126 ix

65 268 67 273 .
148 217 200 269 843
235 210 410 267 membranae
426 221 615 266 munnam
659 227 723 268 cum
739 211 880 269 veteribus
896 212 947 268 im-

95 296 197 367 pressis
201 294 482 366 pcrtaidcmscripsi
506 295 947 367 Lachmannusparummodulate

95 384 172 438 idam
183 399 217 438 ac
223 390 318 452 parta,
328 383 401 437 ‘cum
418 381 562 448 Lucretius
578 383 780 453 praepositione
796 382 896 439 omissa
906 384 948 438 ita

95 486 148 525 non
166 470 241 524 dicat
257 469 310 524 nisi
327 467 455 539 genetivo
472 466 583 522 addito'.
618 468 668 523 sed
685 468 730 524 hic
747 469 782 524 ia
798 471 881 525 retur
896 485 948 538 pro

94 557 285 628 genetivoest.

147 645 198 696 853
232 638 297 693 libri
315 649 550 692 9999999999.
596 636 746 692 Lambinus
763 638 866 708 optime
883 655 947 694 aaa·

93 743 168 796 paen
179 743 220 780 99
230 741 297 780 oasa.
332 722 521 778 Lachmannns
532 739 667 791 sonpccn,
679 740 716 792 oa,
728 740 844 780 aarum.

147 817 198 868 866
232 824 283 879 pro
295 819 383 862 sarum
395 807 586 862 bethmannus
597 823 660 862 cum
673 806 795 863 Avantio
805 808 891 863 nanis.

147 894 321 965 (temperatis
331 898 476 961 859-866,
488 909 542 948 non
554 893 653 949 dubito
669 894 736 964 quin
747 898 811 964 post
826 896 877 953 973
893 894 949 949 duo

95 985 139 1040 rel
160 984 254 1054 plures
281 997 378 1038 versus
407 980 489 1035 huius
516 981 577 1038 fere
606 983 681 1038 modi
709 983 872 1052 exciderint,
900 983 949 1038 Ec

95 1067 264 1138 cticnipeaia
279 1082 350 1135 picae
368 1065 467 1122 tellure
484 1068 666 1124 emoriuntur.
700 1067 749 1125 Sic
764 1068 866 1124 itidem
876 1085 950 1136 quaa

95 1154 175 1221 liparo
186 1153 320 1209 omittant
331 1166 461 1221 corporo,
472 1152 601 1208 9199199.
625 1156 677 1212 874
687 1155 751 1223 post
761 1154 851 1223 lippia
861 1140 957 1208 adieci

95 1238 147 1292 uo.
171 1235 375 1291 lachmannum
385 1249 440 1288 non
451 1235 581 1304 intellego
593 1236 640 1305 qui
649 1236 760 1305 scripsit
771 1253 842 1304 quac
849 1237 951 1292 alieni·

94 1322 176 1392 penis
187 1324 335 1379 99199199

148 1410 199 1469 977
233 1423 284 1478 pro
295 1417 431 1460 99199199
442 1423 505 1463 oum
516 1405 650 1461 Lambino
661 1405 768 1474 911991,
780 1407 950 1461 constantem

95 1511 176 1550 usum
188 1491 384 1548 Lucretianum
396 1496 514 1561 secutus,
530 1493 635 1563 scripsi

147 1585 198 1656 996
233 1579 387 1634 rectissrme
399 1595 430 1634 aa
440 1578 526 1634 habet
534 1579 666 1634 librorum
677 1590 820 1633 1999999
843 1579 951 1634 91999

95 1665 161 1737 phil
176 1665 328 1734 Cant1p.
345 1671 387 1721 33.
422 1664 465 1719 ed,
485 1665 558 1720 Iunt
575 1680 658 1734 quam
675 1666 786 1720 secutus
804 1666 951 1721 99119919-
1007 1674 1017 1689 ·

96 1769 219 1823 mannus,
231 1759 357 1807 aeterna.

147 1843 200 1894 998
235 1837 426 1892 Lachmannus
449 1852 503 1892 non
526 1838 602 1891 recte
631 1835 705 1891 hunc
728 1851 838 1891 versum
866 1852 951 1892 noran

96 1923 265 1993 quaestionis
284 1923 393 1976 initium
412 1937 472 1976 esse
490 1921 642 1990 constituit,
655 1937 726 1990 quae
744 1920 864 1991 denique
884 1927 951 1978 1008

96 2008 168 2077 Ipso
179 2008 298 2063 modum
308 2005 414 2074 incipit.

150 2092 338 2148 Lachmannus
367 2094 430 2159 post
460 2096 535 2158 1012,
559 2092 647 2146 multo
670 2091 770 2148 melius
794 2091 951 2162 Madvigius

96 2194 187 2247 opusc.
200 2194 242 2246 pr.
253 2193 279 2245 p.
291 2181 342 2232 313
354 2180 384 2230 91
396 2179 460 2230 ante
473 2193 535 2229 curn
545 2176 679 2231 Marullus
688 2181 752 2247 post
765 2182 832 2232 1013
844 2177 952 2246 aliquos

97 2259 559 2329 versusintercidissesuspicantur.
585 2261 615 2315 in
623 2263 747 2333 margine
756 2263 815 2318 cod.
823 2263 952 2319 Laurent

97 2349 166 2419 plut.
183 2361 260 2400 xxxv
277 2352 311 2401 32
333 2347 401 2402 haec
418 2346 550 2402 adnotata
571 2348 662 2404 inveni
685 2349 794 2405 ‘Credit
817 2349 952 2404 Marullus

97 2433 194 2488 deesse
210 2430 255 2487 nie
273 2432 365 2502 aliqua
382 2432 509 2500 carmina,
527 2449 598 2502 quae
615 2433 789 2490 continerent
805 2435 952 2489 transitum

96 2519 132 2572 ab
144 2518 280 2573 infinitate
289 2517 378 2572 inanis
390 2518 426 2572 ad
435 2518 600 2573 infinitatem
612 2535 770 2588 corporum3
782 2519 811 2573 in
820 2519 863 2573 his
872 2519 952 2574 enim.

97 2605 156 2659 Nec
179 2620 260 2659 more
283 2621 333 2658 nec
352 2604 558 2672 tellus...procul
577 2604 661 2658 dubio
680 2604 739 2673 agit
756 2604 793 2659 de
816 2604 953 2658 infinitate

96 2705 250 2758 corporum,
268 2704 330 2743 oum
351 2704 434 2755 supra
452 2689 488 2742 de
505 2692 623 2759 utroque
639 2689 748 2745 infinito
766 2704 797 2744 so
814 2689 953 2744 dictmnm

97 2773 269 2844 promiserit’.
303 2772 369 2826 mihi
387 2789 453 2828 vero
473 2774 570 2830 lacuna
590 2792 644 2829 non
664 2779 744 2830 tanta
762 2791 823 2830 esso
843 2773 953 2829 videtur

98 2864 202 2931 quanta
219 2859 362 2927 Madvigio
378 2863 408 2914 et
420 2860 592 2914 Lachmanno
611 2877 671 2914 esse
688 2861 748 2914 visa
765 2864 814 2916 est.
851 2861 953 2915 etenim

98 2951 180 3019 poeta
191 2948 247 3001 iam
259 2947 326 3001 satis
339 2961 476 3016 superque
488 2945 687 3002 demonstravit
698 2963 753 3001 non
767 2947 855 3002 solum
868 2962 966 3023 omae,
1003 2990 1009 2999 .

101 3032 397 3105 [991991999911999
410 3034 572 3099 984—1007,
584 3048 666 3087 omae
679 3035 756 3101 quod
772 3039 812 3098 cat
830 3034 967 3097 sponium

99 3122 235 3179 inlinitum
248 3136 316 3178 esse.
352 3125 510 3177 99991993
525 3118 682 3175 99919991
697 3127 860 3182 corporum
872 3115 996 3172 199999
