2040 3426
91 101 126 156 14
506 97 522 154 Ι

88 219 151 256 000
170 217 339 271 quacumque
357 205 435 256 vacat
452 201 578 269 spatium,
597 200 671 269 quod
688 200 768 254 10000
786 216 921 268 vocamus,

89 294 188 346 corpus
205 292 307 331 00000
325 280 383 344 051;
407 293 462 346 000
478 292 560 345 porro
578 292 694 345 cumque
712 280 791 331 tenet
807 293 838 332 se

87 369 193 422 corpus,
211 369 244 406 00
260 369 374 407 vacuum
391 369 563 422 nequaquam
581 356 689 406 constat
705 353 791 407 inane.

89 432 153 482 5001
170 429 254 496 igitur
271 428 359 482 solida
375 446 407 482 ac
425 429 483 481 sine
500 428 573 480 inani
591 445 703 496 corpora
719 429 815 497 prima.
902 448 941 487 510

89 507 232 572 practerea
249 504 375 573 quoniam
393 504 494 572 genitis
510 504 539 556 in
556 502 640 557 rebus
657 503 771 571 inanest,

89 580 231 634 materiem
249 581 350 635 circum
368 580 484 634 solidam
501 583 625 633 constare
642 583 787 646 necessest,

89 671 139 709 nec
156 672 202 708 res
219 656 275 710 ulla
292 660 384 724 potest
401 672 467 710 vera
484 655 590 709 ratione
607 654 717 724 probari

88 746 202 800 corpore
219 730 298 785 10000
317 747 365 784 suo
383 731 472 785 celero
490 734 573 799 atque
590 731 664 785 intus
681 730 791 798 habere,

89 806 113 859 si
130 823 192 875 non,
210 807 284 875 quod
301 806 418 873 cohibet,
437 806 554 860 solidum
571 809 697 861 constare
713 806 858 876 relinquas.
902 823 939 863 515

87 882 118 935 id
135 899 217 952 porro
234 883 272 935 nil
290 898 350 936 esse
367 885 460 950 potest
477 881 530 934 nisi
547 881 673 935 materiai

88 958 237 1024 concilium,
256 957 329 1025 quod
346 957 427 1010 inane
444 959 528 1025 queat
544 973 636 1009 rerum
655 956 787 1011 cohibere.

89 1034 218 1086 materies
235 1033 327 1100 igitur,
345 1032 432 1086 solido
450 1048 520 1098 0000
537 1047 649 1100 corpore
667 1035 782 1101 constat,

88 1124 148 1161 0550
165 1112 277 1161 aeterna
294 1109 394 1175 potest,
407 1124 467 1160 cum
485 1110 578 1160 cetera
596 1107 787 1162 dissoluantur.

89 1186 148 1236 tum
166 1199 247 1251 porro
265 1182 288 1236 si
306 1182 344 1235 011
362 1186 435 1237 05501
453 1182 527 1251 quod
544 1183 624 1236 inane
640 1188 758 1252 uocaret,
901 1200 939 1239 500

88 1274 168 1312 omne
185 1259 256 1313 foret
274 1258 405 1325 solidum3
428 1259 481 1312 nisi
499 1262 593 1313 contra
610 1274 724 1328 corpora
741 1261 817 1313 certa

89 1339 181 1390 essent
198 1351 268 1402 0000
285 1335 344 1388 loca
361 1335 732 1408 complerentquaecumque
749 1338 885 1404 tenerent,

89 1426 169 1464 omne
187 1412 259 1480 quod
279 1414 330 1478 est,
349 1412 468 1480 spatium
485 1424 600 1465 vacuum
618 1413 756 1465 constaret
772 1411 859 1464 inane.

89 1486 202 1540 alternis
218 1487 303 1553 igitur
320 1487 447 1541 nimirum
464 1503 562 1555 corpus
579 1485 653 1538 inani

89 1561 282 1628 distinctumst‚
300 1561 427 1628 quoniam
444 1577 495 1615 nec
512 1561 622 1627 plenum
641 1560 747 1614 naviter
764 1564 843 1615 extat
900 1577 937 1616 525

87 1653 138 1689 nec
155 1652 236 1704 porro
251 1652 375 1689 vacuum.
394 1638 458 1689 5001
476 1651 542 1702 crgo
559 1650 673 1703 corpora
690 1638 765 1689 certa

88 1728 158 1778 0000
176 1711 294 1780 spatium
311 1710 392 1778 pleno
409 1710 515 1778 possint
532 1709 699 1778 distinguere
717 1711 803 1765 10000.

88 1786 155 1840 haee
172 1802 260 1854 neque
278 1786 390 1839 dissolui
407 1785 494 1855 plagis
511 1785 680 1840 extrinsecus
697 1787 753 1840 icta

88 1867 203 1930 possunt
220 1878 271 1916 nee
288 1877 368 1930 porro
386 1861 495 1931 penitus
511 1863 657 1931 penetrata
673 1863 762 1916 retexi

88 1954 139 1992 nec
156 1939 262 1992 ratione
280 1940 384 2005 queunt
402 1937 455 1991 alia
472 1940 609 2007 temptata
626 1937 734 2004 labaro;
900 1955 938 1993 550

87 2013 117 2067 id
135 2014 280 2083 quodiam
299 2031 381 2082 supra
397 2014 449 2068 tibi
466 2014 547 2083 00010
565 2014 735 2068 ostendimus
753 2017 824 2068 ante.

88 2107 152 2144 nam
169 2107 257 2160 neque
273 2090 372 2144 conlidi
391 2090 448 2144 sine
465 2090 538 2143 inani
556 2106 636 2158 00550
653 2088 764 2144 videtur

88 2168 232 2236 quicquam
250 2184 299 2220 nec
316 2166 405 2235 frangi
422 2183 472 2220 000
490 2166 558 2219 findi
576 2164 686 2235 inbina
704 2165 821 2220 secando

87 2259 139 2296 noc
155 2260 253 2312 capere
270 2260 393 2296 umorem
410 2259 499 2311 00000
517 2243 584 2296 item
601 2238 736 2296 manabile
752 2243 838 2310 frigus

87 2335 138 2372 nec
155 2319 324 2387 penetralem
341 2319 440 2387 ignom,
459 2318 557 2387 quibus
574 2319 665 2372 omnia
679 2318 870 2372 conficiuntur.
900 2332 936 2370 535

51 2397 118 2449 “et
129 2410 189 2463 *quo
207 2410 331 2462 0000000
349 2394 436 2461 magis
454 2394 564 2446 cohibet
580 2410 625 2446 res
642 2394 717 2447 intus
734 2393 821 2459 10000,

87 2474 145 2523 tam
162 2468 249 2536 magis
266 2468 310 2520 his
334 2467 416 2521 rebus
433 2468 543 2535 0001105
560 2470 697 2533 temptata
713 2467 837 2521 labascit.

87 2560 153 2612 ergo
171 2543 194 2596 51
212 2541 298 2595 solida
315 2557 347 2595 ac
365 2542 423 2594 5100
440 2541 514 2593 10001
532 2556 646 2607 corpora
662 2541 752 2608 prima

87 2621 151 2672 sunt
168 2618 209 2671 ito
224 2616 267 2671 uti
285 2616 373 2681 docui,
391 2617 447 2670 5101
464 2614 531 2669 haec
549 2618 662 2668 aeterna
678 2618 823 2669 necessest.

87 2696 232 2763 praeterea
248 2693 300 2746 nisi
317 2692 447 2746 materies
464 2695 576 2745 aeterna
593 2691 697 2760 fuisset,
900 2705 936 2744 510

87 2770 203 2824 antehae
220 2769 256 2823 ad
273 2770 358 2823 nilum
375 2769 484 2837 0001105
500 2784 546 2821 res
564 2783 689 2837 quaeque
705 2766 844 2823 redissent

87 2846 123 2898 rle
141 2846 249 2915 0110000
267 2848 363 2899 renata
380 2846 471 2899 forent
489 2860 675 2913 quaecumque
692 2843 823 2898 ridemus.

86 2925 116 2974 at
134 2923 262 2988 quoniam
279 2938 363 2990 supra
380 2920 460 2974 docui
477 2920 515 2974 nil
532 2936 613 2989 posse
631 2921 717 2974 creari

86 2994 123 3050 dc
139 2996 195 3049 nilo
212 3013 301 3065 neque
319 2998 393 3067 quod
409 2996 532 3066 genitum
550 3000 594 3050 est
611 2996 648 3049 ad
664 2996 702 3050 nil
719 2994 847 3062 reuocari,

87 3088 148 3127 osse
164 3074 302 3128 inmortali
319 3073 469 3142 primordia
485 3089 598 3143 corpore
615 3064 725 3139 debeht,
899 3083 936 3124 515

86 3148 200 3202 dissolui
218 3166 272 3216 quo
291 3165 414 3217 quaeque
432 3165 560 3218 supremo
577 3150 702 3216 tempore
719 3147 832 3216 possint,
