2040 3426
88 117 145 174 160
494 109 544 167 VI

86 235 140 288 quo
157 215 244 304 magis
261 216 385 269 errantes
402 230 484 269 caeca
500 215 606 268 ratione
623 212 756 269 feruntur.
812 215 817 219 '

87 310 157 362 quae
174 292 226 345 nisi
243 291 348 359 respuis
366 307 400 344 ex
418 290 507 344 animo
525 290 659 357 longeque
676 289 797 343 remittis

86 371 129 424 dis
145 368 257 436 indigna
274 370 372 435 putare
389 367 530 434 alienaque
547 367 621 454 pacis
639 381 741 432 eorum,

86 445 207 500 delibata
224 445 306 497 deum
324 460 374 512 per
390 448 420 498 te
431 442 488 496 tibi
506 443 618 495 numina
636 434 730 496 sauct'a

87 539 167 591 saepe
185 520 317 584 ober·;unt
334 536 388 572 nen
406 535 459 588 que
477 519 571 571 violari
589 534 695 572 summa
713 518 796 572 deum
814 519 855 573 vis

86 598 181 668 possit,
199 601 231 650 ut
249 614 283 650 ex
300 596 342 649 ira
358 612 460 664 poenas
477 598 572 663 petere
590 594 696 648 inbibat
713 594 791 662 acris,

87 673 137 728 sed
155 674 219 742 quia
236 675 297 725 tute
315 672 366 725 tibi
383 670 491 740 placida
507 687 570 724 cum
587 687 655 739 pace
672 671 780 738 quietos

87 751 236 804 constitues
254 765 365 816 magnos
382 749 485 800 irarum
502 746 611 800 volvere
628 746 735 814 fluctus,

86 842 137 879 nec
155 825 268 880 delubra
286 825 368 877 deum
385 823 493 893 placido
510 838 572 877 cum
589 825 701 891 pectore
718 821 816 891 adibis,

87 919 137 955 nec
155 902 320 969 decerpere
338 917 407 967 quae
425 902 518 953 saneto
536 897 681 952 simulacra
697 899 824 952 feruntur

86 978 115 1030 in
132 981 238 1032 mentes
256 977 396 1030 hominum
415 975 521 1028 divinae
538 974 634 1027 nuntia
650 975 761 1040 formae,

88 1054 226 1122 suscipere
243 1053 310 1105 haec
328 1051 410 1104 animi
428 1051 573 1118 tranquilla
589 1067 657 1119 pace
675 1051 784 1104 valebis.
807 1109 811 1116 ‚

87 1129 151 1182 inde
169 1128 263 1181 ridere
281 1128 345 1180 licet
363 1127 449 1195 qualis
466 1127 521 1180 iam
538 1127 596 1180 vita
613 1130 750 1195 sequatur.

87 1221 168 1274 quam
186 1204 297 1273 quidem
314 1207 346 1256 ut
364 1220 380 1256 a
397 1203 475 1257 nobis
492 1203 562 1257 ratio
580 1203 721 1256 verissima
737 1202 818 1271 longe

86 1282 189 1350 reiciat,
206 1297 371 1350 quamquam
389 1283 451 1334 sunt
468 1296 485 1333 a
502 1296 546 1333 me
563 1280 650 1333 nmlta
666 1279 797 1348 profecta,

29 1355 33 1364 '
87 1358 174 1411 multa
190 1361 282 1411 tamen
300 1360 406 1411 restant
422 1360 452 1410 et
470 1360 534 1410 sunt
551 1356 672 1409 ornanda
688 1355 781 1425 politis

89 1433 224 1500 versibns3
243 1438 286 1488 est
304 1434 374 1487 ratio
392 1433 460 1487 caeli
478 1432 633 1500 speciesque
650 1431 778 1500 tenenda,

87 1513 152 1562 suut
168 1513 347 1577 tempestates
365 1513 394 1562 et
410 1509 523 1562 fulmina
540 1507 613 1561 clara
630 1508 758 1575 canenda,

87 1585 154 1651 quid
171 1585 272 1638 faciant
289 1589 318 1638 ct
336 1601 389 1651 qua
406 1584 442 1637 de
459 1600 539 1638 causa
556 1600 672 1652 crunque
689 1583 827 1650 ferentum

86 1676 121 1712 ne
139 1659 261 1729 trepides
279 1661 346 1713 caeli
365 1661 457 1713 divisis
474 1660 599 1728 partibus
616 1676 716 1727 amens,

87 1735 159 1788 unde
178 1735 270 1789 volans
289 1736 358 1803 ignis
375 1737 530 1803 pervenerit
548 1736 641 1790 autin
658 1739 749 1790 utram
768 1752 798 1790 se

87 1812 203 1865 uerterit
220 1811 282 1866 hinc
300 1813 408 1880 partim,
428 1829 482 1879 quo
500 1817 582 1881 pacto
599 1828 650 1881 per
667 1812 727 1866 loca
744 1815 843 1882 saepta

87 1888 236 1957 insinuarit,
254 1893 283 1942 et
300 1887 361 1941 hinc
379 1889 534 1941 dominatus
551 1891 584 1942 ut
600 1888 731 1942 extulerit
748 1905 787 1943 se.
852 1950 856 1955 ,

87 1988 189 2027 QUORUM
200 1989 298 2022 OPERUM
303 1988 398 2023 „CAUSAS
408 1989 489 2021 NULLA
499 1988 604 2020 RATIONE
613 1987 705 2020 VIDEI'OE

88 2057 307 2090 rossemannum
318 2057 403 2089 DIVINO
414 2057 510 2089 nummu
521 2057 623 2089 RENTUR.

87 2123 119 2174 tu
137 2120 203 2173 mihi
222 2137 364 2189 supremae
382 2119 550 2188 praescribta
568 2119 604 2173 ad
622 2119 738 2173 eandida
755 2119 836 2174 calcis

88 2197 207 2250 currenti
226 2197 344 2265 spatium
362 2200 557 2265 praemonstra,
575 2195 673 2248 callida
690 2212 768 2249 musa

89 2272 216 2342 Calliope,
234 2273 344 2341 requies
363 2272 501 2325 hominum
520 2270 666 2340 divomque
684 2272 816 2341 voluptas,

87 2351 117 2402 to
135 2349 205 2403 duce
222 2353 254 2402 ut
272 2350 370 2418 insigni
389 2350 495 2418 capiam
513 2365 574 2402 curn
592 2347 673 2401 laude
691 2364 825 2401 coronam.

124 2425 260 2493 Principio
278 2427 382 2478 tonitru
400 2426 560 2492 quatiuntur
578 2425 685 2478 caerula
702 2424 769 2478 caeli

87 2503 234 2569 propterea
252 2503 315 2569 quia
332 2506 496 2555 concurrunt
514 2501 628 2555 sublime
646 2500 768 2554 volantes

87 2575 225 2630 aetheriae
242 2577 329 2631 nubes
347 2583 440 2632 contra
457 2577 634 2648 pugnantibu'
651 2575 748 2630 sentis.
799 2610 802 2615 -

88 2669 138 2706 nec
156 2653 189 2707 fit
177 2653 278 2707 tenim
297 2654 400 2708 sonitus
418 2655 485 2709 caeli
504 2655 539 2708 dc
556 2657 635 2724 parte
653 2667 756 2718 serena,

89 2747 182 2784 verum
194 2731 357 2801 ubicumque
369 2733 455 2800 magis
467 2732 552 2785 denso
565 2733 628 2783 sunt
640 2729 746 2797 agmine
758 2725 851 2792 nubes,
903 2738 940 2778 ιοο

89 2811 145 2859 tam
163 2809 249 2876 magis
267 2808 329 2861 hine
347 2824 445 2876 magne
464 2808 590 2861 fremitus
607 2806 641 2859 fit
658 2818 797 2857 murmure
815 2817 904 2870 saepe.

88 2887 232 2951 praeterea
250 2904 339 2957 neque
356 2888 414 2939 tam
433 2886 569 2940 condenso
588 2898 701 2953 corpore
719 2879 804 2932 nubes

87 2976 148 3013 esso
168 2967 271 3028 queunt
289 2982 370 3033 quam
389 2963 575 3033 suntlapides
593 2979 625 3015 ac
642 2961 726 3028 tigna,
740 2971 829 3025 neque
845 2956 941 3007 autem
1011 3016 1015 3025 ,

77 3039 136 3089 tam
156 3040 256 3096 tenues
275 3059 359 3114 quam
377 3043 445 3098 sunt
462 3040 579 3096 nebu¹ae
594 3037 718 3104 iumique
733 3033 863 3086 solantes

55 3123 127 3163 mm
144 3116 254 3175 cadere
272 3126 324 3178 aut
346 3121 435 3179 bruto
454 3119 598 3176 deberent
613 3111 739 3184 posuere
752 3120 868 3174 bimi
910 3118 953 3154 bb

69 3184 479 3278 *¹²P1desmrtuefumus
500 3199 640 3253 constare
655 3183 813 3251 neminem

182 3354 225 3386 j
337 3356 372 3386 h.
