2040 3426
93 114 131 172 oo
327 90 543 168 '111

90 232 174 284 quare
192 213 275 268 etiam
292 215 376 282 atque
393 213 476 268 etiam
494 212 737 268 membraturam
754 212 919 286 animaeque
948 233 953 241 ·

90 291 160 344 seire
177 290 241 343 lieet
258 305 390 358 perquam
407 288 534 357 pauxillis
551 305 612 343 esso
629 292 748 344 croatam

90 365 244 431 seminibus,
262 365 389 433 quoniam
405 365 512 431 fugiens
528 364 567 417 nil
584 364 714 432 ponderis
730 365 828 419 aufert
905 380 944 422 aaa

125 441 150 493 N
153 457 184 494 ee
201 444 293 493 tamen
310 439 377 494 haee
395 440 511 508 simplex
528 439 607 492 nobis
624 442 722 492 natura
739 440 865 508 putanda
880 445 934 513 est

90 514 180 570 tenvis
197 515 270 569 euim
289 515 423 583 quaedam
441 514 618 568 moribundos
636 513 741 568 deserit
757 531 825 568 aura

91 592 178 646 mixta
195 607 305 660 vapore,
323 607 407 659 vapor
424 606 506 658 porro
525 589 612 644 trahit
630 605 696 645 aera
712 607 812 644 seeum.

91 684 143 722 nee
160 668 234 722 ealor
252 670 295 721 est
313 667 463 735 quisquam,
481 667 524 720 eui
542 683 596 720 nou
614 666 652 719 sit
669 667 772 719 mixtus
789 668 820 720 et
837 681 894 722 aer.

91 759 154 797 rara
172 742 247 813 quod
265 743 324 797 eius
341 743 411 796 enim
430 745 538 797 constat
554 744 666 807 natura'
678 744 817 796 necessest
906 758 944 799 aaa

91 819 163 872 aeris
180 821 254 873 inter
271 835 334 872 eum
351 818 501 886 primordia
518 817 605 871 multa
621 816 733 872 moveri.
775 836 779 841 ·

90 893 144 947 iam
162 894 264 963 triplex
282 893 365 947 animi
385 899 428 946 est
440 894 532 963 igitur
550 897 649 948 natura
664 895 790 962 reperta;

91 986 141 1023 nee
153 973 246 1023 tamen
257 969 324 1023 baec
336 972 379 1023 sat
392 973 457 1021 suut
469 969 505 1022 ad
516 969 626 1023 sensum
637 973 735 1024 cuneta
745 967 904 1036 creandum,

90 1045 128 1098 uil
146 1044 244 1097 horum
262 1043 390 1112 quoniam
408 1044 507 1112 recipit
525 1061 569 1098 res
586 1060 666 1113 posse
683 1047 776 1098 ere'aro
800 1060 802 1064 ·

91 1120 237 1174 sensiferos
254 1122 345 1172 motus
363 1124 387 1172 et
405 1119 488 1172 fremo
506 1135 577 1188 quae
594 1124 688 1175 mente
704 1119 818 1174 volutat
906 1135 944 1175 aro

90 1200 190 1265 quarta
207 1211 316 1265 quoque
334 1194 378 1248 bis
395 1194 480 1262 igitur
498 1195 634 1264 quaedam
651 1200 750 1250 natura
766 1199 909 1250 necessest

90 1272 272 1327 adtribuatur.
291 1274 352 1325 east
368 1271 476 1324 omnino
493 1272 613 1325 nominis·
626 1288 737 1340 expers3

91 1365 147 1417 qua
164 1365 254 1417 neque
271 1347 401 1402 mobilius
419 1347 565 1416 quiequam
582 1363 671 1416 neque
688 1345 795 1400 tenvius
812 1349 916 1413 exstat,

90 1440 140 1478 nee
159 1424 245 1492 magis
263 1442 279 1477 e
297 1424 389 1493 paruis
406 1427 436 1478 et
453 1422 557 1476 levibus
576 1426 619 1477 est
637 1423 794 1486 elementis;

90 1501 236 1553 sensiferos
254 1506 346 1553 motus
363 1514 434 1566 quae
452 1498 525 1552 didit
543 1497 631 1567 prima
648 1515 699 1566 per
716 1501 800 1552 artus
905 1514 943 1554 aas

90 1575 178 1642 prima
196 1575 285 1628 eietur
302 1575 382 1639 enirn,
401 1574 493 1643 parvis
511 1573 635 1642 perlecta
652 1574 762 1642 figuris;

89 1649 154 1703 iude
171 1649 244 1702 ealor
262 1653 354 1702 motus
372 1652 401 1703 et
419 1648 494 1702 venti
511 1665 593 1702 eaeea
610 1653 732 1718 potestas

90 1724 195 1793 sucipit,
212 1724 277 1777 inde
295 1740 357 1789 aer;
374 1723 440 1778 inde
457 1724 548 1778 omnia
565 1724 764 1794 mobilitantur,

90 1800 245 1854 concutitur
262 1800 381 1867 sanguis,
398 1804 458 1853 tum
476 1800 580 1854 viscera
596 1803 800 1869 persentiscunt

90 1875 188 1942 omnia,
206 1876 352 1944 postremis
370 1876 453 1930 datur
471 1876 576 1931 ossibus
593 1880 678 1945 atque
695 1879 823 1933 medullis
904 1894 943 1934 aso

91 1953 148 2006 sive
166 1952 291 2021 voluptas
311 1958 354 2007 est
372 1953 428 2006 sire
447 1955 490 2007 est
507 1952 659 2007 contrarius
678 1954 766 2009 ardor.

90 2045 140 2083 nee
150 2032 255 2082 temere
264 2029 318 2083 hue
327 2029 406 2083 dolor
414 2042 501 2098 usque
510 2031 603 2098 potest
612 2035 758 2096 penetrare
767 2047 856 2099 neque
864 2046 931 2086 aere

90 2121 250 2173 permanare
268 2105 376 2173 malmn,
395 2105 461 2175 quiu
479 2104 569 2158 omnia
585 2105 783 2174 perturbentur

90 2197 178 2250 usque
195 2181 264 2236 adeo
282 2189 314 2236 ot
332 2182 405 2236 ritae
422 2182 495 2237 desit
512 2181 588 2235 loeus
604 2185 688 2251 atque
705 2180 803 2234 animai

90 2258 235 2326 diffugiant
252 2262 346 2327 partes
363 2275 413 2327 per
431 2258 521 2312 erudas
539 2257 659 2326 eorporis
676 2258 770 2312 omnis.
904 2273 942 2312 255

91 2334 141 2388 sed
158 2334 320 2403 plerumque
339 2335 371 2389 fit
389 2335 416 2388 in
435 2351 540 2389 summo
558 2327 765 2403 quasi‘eorporo
783 2333 846 2388 finis

92 2410 224 2464 motibus:
243 2411 312 2464 lmue
329 2411 364 2463 ob
382 2428 439 2464 rem
459 2412 543 2464 vitam
561 2411 680 2465 retinere
698 2411 825 2465 ualemus.

127 2485 206 2537 Nune
224 2500 258 2538 ea
275 2502 329 2552 quo
347 2491 427 2554 pacm
445 2487 517 2540 iuter
535 2504 594 2540 sese
613 2487 698 2541 urixta
716 2488 864 2556 quibusque

91 2563 201 2629 compta
218 2562 307 2614 modis
325 2562 437 2629 vigeant
454 2563 587 2616 rationem
605 2562 723 2617 reddere
740 2566 866 2617 aventem

91 2635 229 2691 abstrahit
246 2635 361 2691 invitum
380 2637 462 2706 patrii
481 2638 613 2692 sermonis
630 2642 751 2707 egestam
904 2651 942 2692 an

92 2714 141 2768 sed
158 2716 259 2783 tamen,
276 2718 308 2768 ut
325 2717 421 2782 potero
440 2714 595 2768 summatim
612 2715 757 2783 attingere,
775 2717 886 2782 tangam

90 2791 164 2845 inter
181 2791 253 2845 euim
270 2793 381 2845 eursaut
398 2790 547 2859 primordia
564 2790 758 2860 principiorum

92 2868 210 2921 nrotibus
228 2868 301 2923 inter
318 2884 354 2934 se,
371 2868 410 2921 nil
427 2871 459 2922 ut
477 2867 614 2921 secernier
631 2882 715 2920 unum

91 2944 178 3008 possit
195 2961 245 2998 nee
262 2946 351 3014 spatio
369 2945 429 3000 fieri
447 2944 533 2998 divisa
550 2945 681 3012 potestas,

92 3017 141 3070 sed
158 3019 235 3084 quasi
253 3022 356 3074 multae
372 3021 414 3074 ris
431 3020 511 3074 unius
529 3018 649 3088 eorporis
667 3020 771 3072 extant.
904 3032 942 3072 am

80 3092 161 3156 qnod
169 3109 263 3158 genus
276 3095 308 3150 fn
326 3097 424 3166 quovis
441 3097 616 3152 asiniantum
631 3094 740 3148 riseere
753 3093 835 3158 uolgo

61 3168 109 3215 est
125 3169 200 3220 odor
216 3175 249 3226 ot
266 3175 388 3242 qrridam
410 3176 490 3232 calor
507 3178 539 3230 et
558 3187 655 3242 sapor,
672 3173 703 3224 et
717 3171 818 3221 uiiiieu
833 3161 934 3214 eslii*

80 3368 107 3392 Α
