2040 3426
476 110 531 167 ΙΙΙ
892 109 930 170 77

81 228 207 282 corpore;
225 215 392 281 qrmpropter
409 212 526 267 mortale
543 215 692 281 utrumque
709 213 898 281 putandumst,

80 289 109 342 in
126 289 226 342 multas
243 288 370 357 quoniam
387 288 475 355 partis
492 287 637 342 disciditur
654 305 747 356 aeque.

114 365 266 419 ⁴Praeterea
284 364 306 417 si
324 363 477 418 inmortalis
494 367 594 418 natura
610 364 710 418 animai
897 379 934 421 oto

82 444 190 495 constat
210 444 239 495 et
257 441 285 493 in
303 456 402 507 corpus
418 438 770 507 nascentibusinsinnatur,

84 534 133 571 cur
155 533 237 585 super
254 518 409 569 anteactam
426 516 546 569 aetatem
563 515 719 570 meminisse
736 515 880 584 nequimus

82 609 132 647 nec
149 592 266 659 uestigia
282 595 422 658 gestarum
439 609 532 646 rerum
549 592 605 645 ulla
621 593 762 645 tenemusl

82 685 145 722 nam
163 668 185 721 si
203 671 281 721 tauto
299 670 409 735 operest
426 656 509 720 animi
525 671 632 722 mutata
648 671 780 736 potestas,

83 745 170 798 omnis
188 746 220 796 ut
237 746 361 796 actarum
377 743 511 797 exciderit
528 743 676 798 retinentia
693 759 793 810 rerum,
900 756 936 798 ors
985 780 988 787 .

83 836 146 887 non,
164 822 196 872 ut
214 818 317 887 opinor,
334 818 365 872 id
382 819 471 873 aleta
489 819 544 872 iam
561 819 679 887 lougiter
696 822 787 884 errat3

84 898 253 963 quapropter
269 895 373 948 fatcme
391 897 529 950 necessust
547 911 617 962 quae
634 895 769 949 saltante

83 971 221 1024 interiisse
239 972 268 1023 et
286 986 355 1037 quae
373 987 444 1023 nunc
462 973 505 1024 est
523 987 595 1023 nunc
612 987 671 1024 esse
689 973 828 1047 creatam,

121 1046 268 1099 Praeterea
286 1046 309 1098 si
326 1046 381 1099 iam
398 1045 520 1114 perfecto
537 1062 650 1115 corpore
667 1046 745 1100 nobis

82 1121 177 1175 infami
195 1122 302 1174 solitast
320 1121 402 1174 animi
419 1121 512 1175 vivata
528 1124 651 1188 potestas
897 1135 935 1174 osu

83 1203 143 1251 tum
160 1214 222 1250 cum
239 1196 377 1264 gignimur
394 1200 424 1250 et
440 1196 515 1250 vitae
533 1211 595 1249 oum
612 1197 695 1250 limen
713 1196 820 1262 inimus,

83 1273 156 1326 haud
174 1273 214 1327 ita
232 1272 409 1326 conveniebat
426 1272 467 1325 uti
485 1287 546 1324 cum
564 1287 678 1339 corpore
696 1274 725 1326 et
742 1288 797 1324 una

83 1366 144 1403 cnm
162 1347 292 1402 membris
310 1348 436 1401 videatur
452 1347 481 1399 in
498 1346 557 1414 ipso
576 1347 707 1413 sanguine
725 1362 824 1413 cresse,

84 1424 133 1478 sed
151 1424 271 1477 velutin
290 1439 377 1477 cavea⁸
389 1438 440 1491 per
457 1436 486 1476 se
505 1421 556 1476 sibi
574 1422 666 1475 vivere
684 1421 777 1475 solam.

83 1515 202 1548 corvum
212 1514 244 1547 ΠΤ
255 1513 331 1546 SENBU
341 1514 431 1546 CORPUS
444 1514 528 1546 TAMEN
542 1513 652 1546 amour
665 1512 733 1552 ΟΜΝΗ
897 1512 935 1552 085

37 1605 70 1638 020
84 1577 158 1646 quod
175 1578 235 1631 ficri
252 1579 342 1631 totum
360 1580 455 1630 contra
472 1576 615 1630 manifesta
634 1575 716 1629 docet
732 1591 785 1629 res.

83 1669 201 1722 namque
219 1653 260 1707 ita
277 1668 380 1707 conexa
397 1655 440 1705 est
457 1670 508 1721 per
525 1668 608 1707 renas
625 1651 730 1705 viscera
747 1667 845 1705 nervos

84 1746 206 1797 ossaque,
224 1729 266 1782 uti
283 1727 382 1782 dentes
400 1745 508 1797 quoque
527 1745 608 1782 sensu
625 1727 840 1796 participantum

84 1821 189 1858 morsus
208 1809 239 1858 ut
256 1804 359 1858 indicat
376 1807 405 1858 et
422 1804 522 1872 gelidai
540 1805 659 1870 stringor
675 1803 756 1871 aquai

84 1884 113 1933 ct
131 1881 199 1949 lapis
216 1896 369 1949 oppressus,
387 1879 472 1933 subiit
490 1880 512 1932 si
531 1896 546 1933 e
563 1877 695 1945 frugibus,
712 1894 799 1946 asper.
900 1893 937 1931 ose

39 1977 72 2008 aso
85 1973 171 2024 quare
183 1956 266 2010 etiam
278 1957 363 2023 atque
375 1955 458 2007 etiam
467 1970 556 2021 neque
566 1952 677 2018 originis
686 1969 746 2005 esse
756 1953 937 2020 putandumst

85 2032 208 2100 expertis
227 2031 331 2083 animas
348 2045 399 2083 uec
416 2029 465 2082 leti
483 2029 544 2095 lege
563 2028 671 2080 solutas.

84 2124 147 2160 nam
165 2122 255 2173 neque
273 2107 351 2158 tanto
369 2120 450 2171 opere
468 2103 576 2156 adnecti
594 2102 715 2170 potuisse
732 2102 913 2170 putandumst

39 2199 72 2230 rso
85 2181 242 2250 corporibus
260 2179 361 2232 nostris
379 2179 549 2232 extrinsecus
566 2178 722 2242 insinuatus,

84 2274 142 2323 nec,
160 2259 218 2309 tam
235 2257 380 2309 contextae
398 2270 460 2307 cum
478 2253 540 2320 sint,
559 2253 635 2307 exire
652 2251 781 2304 ridentur·
888 2266 938 2326 *ms

84 2331 233 2385 incolumes
250 2345 330 2398 posse
348 2333 377 2384 et
396 2329 483 2382 salvas
501 2328 640 2382 exsolvere
657 2343 717 2380 sese

84 2406 209 2460 omnibus
227 2422 243 2459 e
260 2404 351 2459 nervis
369 2408 453 2473 atque
472 2404 577 2458 ossibus
595 2403 781 2471 articulisque,

85 2482 160 2552 quod
178 2482 201 2535 si
218 2482 290 2535 forte
307 2484 388 2549 putas
406 2481 576 2535 extrinsecus
592 2480 758 2537 insinuatam

85 2574 245 2625 permanare
262 2557 379 2610 animam
396 2557 474 2611 nobis
491 2574 541 2624 per
558 2555 682 2629 membra
699 2556 795 2622 solere,

85 2637 163 2687 tanto
181 2633 282 2702 quique
300 2633 387 2700 magis
404 2650 466 2687 cum
484 2649 597 2700 corpore
614 2632 676 2684 fusa
693 2631 804 2700 peribit.
901 2642 937 2685 too

87 2708 161 2776 quod
177 2710 322 2778 permanat
339 2709 411 2761 euim
429 2708 593 2775 dissolvitur,
611 2707 707 2760 interit
725 2721 798 2772 ergo.

89 2786 250 2853 dispertitus
269 2783 342 2836 enim
358 2799 409 2851 per
426 2784 517 2837 caulas
535 2783 655 2851 corporis
672 2781 759 2834 omnis

87 2864 119 2914 ut
136 2860 220 2928 cibus,
238 2860 266 2913 in
283 2859 407 2912 membra
423 2863 507 2926 atque
524 2862 601 2912 artus
618 2873 679 2911 cum
697 2855 803 2909 diditur
820 2854 914 2920 omnis,

87 2935 203 3005 disperit
220 2939 304 3003 atque
321 2934 401 2987 aliam
418 2939 545 2986 naturam
563 2932 660 2986 sufficit
678 2947 712 2985 ex
730 2947 767 2995 se,

88 3012 127 3065 sic
140 3012 230 3065 anima
244 3014 328 3079 atque
345 3009 450 3063 animus
468 3008 596 3080 quamuis
610 3008 728 3076 integra.
739 3005 899 3059 racemata
918 3013 964 3048 um

84 3103 183 3154 corpus
200 3090 273 3156 eunt,
293 3089 388 3143 tamen
406 3088 435 3143 in
453 3085 597 3144 manando
616 3083 833 3144 dissoluuntur,

73 3159 140 3211 dum
159 3163 241 3229 quasi
257 3181 313 3234 per
331 3166 430 3224 caulas
449 3168 549 3224 onmis
569 3164 719 3222 diduntur
736 3159 774 3213 'm
790 3156 885 3206 antus
