<?xml version="1.0" encoding="UTF-8"?>
<!DOCTYPE html PUBLIC "-//W3C//DTD XHTML 1.0 Transitional//EN"
    "http://www.w3.org/TR/xhtml1/DTD/xhtml1-transitional.dtd">
<html xmlns="http://www.w3.org/1999/xhtml" xml:lang="en" lang="en">
 <head>
  <title>
</title>
<meta http-equiv="Content-Type" content="text/html;charset=utf-8" />
  <meta name='ocr-system' content='tesseract 3.04.00' />
  <meta name='ocr-capabilities' content='ocr_page ocr_carea ocr_par ocr_line ocrx_word'/>
</head>
<body>
  <div class='ocr_page' id='page_1' title='image "./dererumnaturali08carugoog/dererumnaturali08carugoog_0128.png"; bbox 0 0 2040 3426; ppageno 0'>
   <div class='ocr_carea' id='block_1_1' title="bbox 885 134 922 190">
    <p class='ocr_par' dir='ltr' id='par_1_1' title="bbox 885 134 922 190">
     <span class='ocr_line' id='line_1_1' title="bbox 885 134 922 190; baseline 0.027 -1"><span class='ocrx_word' id='word_1_1' title='bbox 885 134 922 190; x_wconf 87' lang='lat'><strong>81</strong></span> 
     </span>
    </p>
   </div>
   <div class='ocr_carea' id='block_1_2' title="bbox 23 227 934 3187">
    <p class='ocr_par' dir='ltr' id='par_1_2' title="bbox 72 227 841 381">
     <span class='ocr_line' id='line_1_2' title="bbox 72 227 795 306; baseline -0.004 -15"><span class='ocrx_word' id='word_1_2' title='bbox 72 234 146 292; x_wconf 86' lang='lat' dir='ltr'><strong>adde</strong></span> <span class='ocrx_word' id='word_1_3' title='bbox 165 234 240 306; x_wconf 89' lang='lat' dir='ltr'><strong>quod</strong></span> <span class='ocrx_word' id='word_1_4' title='bbox 256 236 285 288; x_wconf 92' lang='lat' dir='ltr'><strong>in</strong></span> <span class='ocrx_word' id='word_1_5' title='bbox 302 236 394 304; x_wconf 87' lang='lat' dir='ltr'><strong>nigras</strong></span> <span class='ocrx_word' id='word_1_6' title='bbox 411 227 531 303; x_wconf 68' lang='lat' dir='ltr'><strong>lethargi</strong></span> <span class='ocrx_word' id='word_1_7' title='bbox 548 237 683 304; x_wconf 78' lang='lat' dir='ltr'><strong>mergitur</strong></span> <span class='ocrx_word' id='word_1_8' title='bbox 700 234 795 288; x_wconf 86' lang='lat' dir='ltr'><strong>undas.</strong></span> 
     </span>
     <span class='ocr_line' id='line_1_3' title="bbox 107 309 841 381; baseline 0 -16"><span class='ocrx_word' id='word_1_9' title='bbox 107 312 154 366; x_wconf 90' lang='lat' dir='ltr'><strong>Nil</strong></span> <span class='ocrx_word' id='word_1_10' title='bbox 166 313 251 381; x_wconf 89' lang='lat' dir='ltr'><strong>igitur</strong></span> <span class='ocrx_word' id='word_1_11' title='bbox 262 328 336 364; x_wconf 89' lang='lat' dir='ltr'><strong>mors</strong></span> <span class='ocrx_word' id='word_1_12' title='bbox 348 314 391 365; x_wconf 89' lang='lat' dir='ltr'><strong>est</strong></span> <span class='ocrx_word' id='word_1_13' title='bbox 403 309 439 364; x_wconf 89' lang='lat' dir='ltr'><strong>ad</strong></span> <span class='ocrx_word' id='word_1_14' title='bbox 451 326 501 364; x_wconf 91' lang='lat' dir='ltr'><strong>nos</strong></span> <span class='ocrx_word' id='word_1_15' title='bbox 512 327 602 379; x_wconf 90' lang='lat' dir='ltr'><strong>neque</strong></span> <span class='ocrx_word' id='word_1_16' title='bbox 614 312 734 379; x_wconf 81' lang='lat' dir='ltr'><strong>pertinet</strong></span> <span class='ocrx_word' id='word_1_17' title='bbox 747 310 841 380; x_wconf 89' lang='lat' dir='ltr'><strong>hilum,</strong></span> 
     </span>
    </p>

    <p class='ocr_par' dir='ltr' id='par_1_3' title="bbox 72 385 797 458">
     <span class='ocr_line' id='line_1_4' title="bbox 72 385 797 458; baseline -0.003 -16"><span class='ocrx_word' id='word_1_18' title='bbox 72 387 297 458; x_wconf 85' lang='lat' dir='ltr'><strong>quandoquidem</strong></span> <span class='ocrx_word' id='word_1_19' title='bbox 314 391 413 441; x_wconf 88' lang='lat' dir='ltr'><strong>natura</strong></span> <span class='ocrx_word' id='word_1_20' title='bbox 429 387 513 440; x_wconf 89' lang='lat' dir='ltr'><strong>animi</strong></span> <span class='ocrx_word' id='word_1_21' title='bbox 530 387 654 439; x_wconf 85' lang='lat' dir='ltr'><strong>mortalis</strong></span> <span class='ocrx_word' id='word_1_22' title='bbox 671 385 797 441; x_wconf 88' lang='lat' dir='ltr'><strong>habetur.</strong></span> 
     </span>
    </p>

    <p class='ocr_par' dir='ltr' id='par_1_4' title="bbox 71 463 782 530">
     <span class='ocr_line' id='line_1_5' title="bbox 71 463 782 530; baseline -0.004 -11"><span class='ocrx_word' id='word_1_23' title='bbox 71 469 102 519; x_wconf 89' lang='lat' dir='ltr'><strong>et</strong></span> <span class='ocrx_word' id='word_1_24' title='bbox 118 465 194 517; x_wconf 86' lang='lat' dir='ltr'><strong>velut</strong></span> <span class='ocrx_word' id='word_1_25' title='bbox 211 467 338 517; x_wconf 87' lang='lat' dir='ltr'><strong>anteacto</strong></span> <span class='ocrx_word' id='word_1_26' title='bbox 355 463 394 515; x_wconf 92' lang='lat' dir='ltr'><strong>nil</strong></span> <span class='ocrx_word' id='word_1_27' title='bbox 412 465 536 530; x_wconf 88' lang='lat' dir='ltr'><strong>tempore</strong></span> <span class='ocrx_word' id='word_1_28' title='bbox 554 463 687 515; x_wconf 81' lang='lat' dir='ltr'><strong>sensimus</strong></span> <span class='ocrx_word' id='word_1_29' title='bbox 698 464 782 530; x_wconf 80' lang='lat' dir='ltr'><strong>aegri,</strong></span> 
     </span>
    </p>

    <p class='ocr_par' dir='ltr' id='par_1_5' title="bbox 71 537 781 607">
     <span class='ocr_line' id='line_1_6' title="bbox 71 537 781 607; baseline -0.003 -13"><span class='ocrx_word' id='word_1_30' title='bbox 71 539 109 594; x_wconf 91' lang='lat' dir='ltr'><strong>ad</strong></span> <span class='ocrx_word' id='word_1_31' title='bbox 126 539 327 607; x_wconf 86' lang='lat' dir='ltr'><strong>confligendum</strong></span> <span class='ocrx_word' id='word_1_32' title='bbox 344 538 516 592; x_wconf 88' lang='lat' dir='ltr'><strong>venientibus</strong></span> <span class='ocrx_word' id='word_1_33' title='bbox 533 538 656 607; x_wconf 89' lang='lat' dir='ltr'><strong>undique</strong></span> <span class='ocrx_word' id='word_1_34' title='bbox 675 537 781 604; x_wconf 83' lang='lat' dir='ltr'><strong>Poenis,</strong></span> 
     </span>
    </p>

    <p class='ocr_par' dir='ltr' id='par_1_6' title="bbox 71 612 739 682">
     <span class='ocr_line' id='line_1_7' title="bbox 71 612 739 682; baseline -0.003 -14"><span class='ocrx_word' id='word_1_35' title='bbox 71 616 163 669; x_wconf 91' lang='lat' dir='ltr'><strong>omnia</strong></span> <span class='ocrx_word' id='word_1_36' title='bbox 180 631 241 668; x_wconf 89' lang='lat' dir='ltr'><strong>cum</strong></span> <span class='ocrx_word' id='word_1_37' title='bbox 258 614 324 667; x_wconf 87' lang='lat' dir='ltr'><strong>belli</strong></span> <span class='ocrx_word' id='word_1_38' title='bbox 342 614 451 682; x_wconf 88' lang='lat' dir='ltr'><strong>trepido</strong></span> <span class='ocrx_word' id='word_1_39' title='bbox 469 630 600 668; x_wconf 89' lang='lat' dir='ltr'><strong>concussa</strong></span> <span class='ocrx_word' id='word_1_40' title='bbox 617 612 739 667; x_wconf 83' lang='lat' dir='ltr'><strong>tumultu</strong></span> 
     </span>
    </p>

    <p class='ocr_par' dir='ltr' id='par_1_7' title="bbox 71 689 761 758">
     <span class='ocr_line' id='line_1_8' title="bbox 71 689 761 758; baseline -0.004 -14"><span class='ocrx_word' id='word_1_41' title='bbox 71 690 184 744; x_wconf 85' lang='lat' dir='ltr'><strong>horrida</strong></span> <span class='ocrx_word' id='word_1_42' title='bbox 201 694 392 743; x_wconf 81' lang='lat' dir='ltr'><strong>contremuere</strong></span> <span class='ocrx_word' id='word_1_43' title='bbox 410 689 461 742; x_wconf 91' lang='lat' dir='ltr'><strong>sub</strong></span> <span class='ocrx_word' id='word_1_44' title='bbox 479 690 542 743; x_wconf 89' lang='lat' dir='ltr'><strong>altis</strong></span> <span class='ocrx_word' id='word_1_45' title='bbox 560 689 681 743; x_wconf 83' lang='lat' dir='ltr'><strong>aetheris</strong></span> <span class='ocrx_word' id='word_1_46' title='bbox 698 689 761 758; x_wconf 89' lang='lat' dir='ltr'><strong>oris,</strong></span> 
     </span>
    </p>

    <p class='ocr_par' dir='ltr' id='par_1_8' title="bbox 70 763 822 834">
     <span class='ocr_line' id='line_1_9' title="bbox 70 763 822 834; baseline -0.003 -14"><span class='ocrx_word' id='word_1_47' title='bbox 70 767 100 820; x_wconf 92' lang='lat' dir='ltr'><strong>in</strong></span> <span class='ocrx_word' id='word_1_48' title='bbox 118 766 256 834; x_wconf 91' lang='lat' dir='ltr'><strong>dubioque</strong></span> <span class='ocrx_word' id='word_1_49' title='bbox 274 766 350 818; x_wconf 86' lang='lat' dir='ltr'><strong>fuere</strong></span> <span class='ocrx_word' id='word_1_50' title='bbox 367 772 492 818; x_wconf 89' lang='lat' dir='ltr'><strong>utrorum</strong></span> <span class='ocrx_word' id='word_1_51' title='bbox 511 765 546 818; x_wconf 81' lang='lat' dir='ltr'><strong>ari</strong></span> <span class='ocrx_word' id='word_1_52' title='bbox 565 781 650 833; x_wconf 87' lang='lat' dir='ltr'><strong>regna</strong></span> <span class='ocrx_word' id='word_1_53' title='bbox 667 763 822 818; x_wconf 86' lang='lat' dir='ltr'><strong>cedendum</strong></span> 
     </span>
    </p>

    <p class='ocr_par' dir='ltr' id='par_1_9' title="bbox 70 841 725 911">
     <span class='ocr_line' id='line_1_10' title="bbox 70 841 725 911; baseline -0.003 -16"><span class='ocrx_word' id='word_1_54' title='bbox 70 841 197 895; x_wconf 90' lang='lat' dir='ltr'><strong>omnibus</strong></span> <span class='ocrx_word' id='word_1_55' title='bbox 214 842 339 895; x_wconf 82' lang='lat' dir='ltr'><strong>hunrauis</strong></span> <span class='ocrx_word' id='word_1_56' title='bbox 357 844 430 895; x_wconf 90' lang='lat' dir='ltr'><strong>esset</strong></span> <span class='ocrx_word' id='word_1_57' title='bbox 448 846 577 911; x_wconf 87' lang='lat' dir='ltr'><strong>terraque</strong></span> <span class='ocrx_word' id='word_1_58' title='bbox 595 841 725 909; x_wconf 76' lang='lat' dir='ltr'><strong>uterique,</strong></span> 
     </span>
    </p>

    <p class='ocr_par' dir='ltr' id='par_1_10' title="bbox 70 916 815 986">
     <span class='ocr_line' id='line_1_11' title="bbox 70 916 815 986; baseline -0.003 -14"><span class='ocrx_word' id='word_1_59' title='bbox 70 918 118 986; x_wconf 90' lang='lat' dir='ltr'><strong>sic,</strong></span> <span class='ocrx_word' id='word_1_60' title='bbox 136 917 182 970; x_wconf 90' lang='lat' dir='ltr'><strong>ubi</strong></span> <span class='ocrx_word' id='word_1_61' title='bbox 200 934 252 970; x_wconf 88' lang='lat' dir='ltr'><strong>nou</strong></span> <span class='ocrx_word' id='word_1_62' title='bbox 271 917 379 984; x_wconf 88' lang='lat' dir='ltr'><strong>erimus,</strong></span> <span class='ocrx_word' id='word_1_63' title='bbox 396 933 457 970; x_wconf 89' lang='lat' dir='ltr'><strong>curn</strong></span> <span class='ocrx_word' id='word_1_64' title='bbox 475 918 595 986; x_wconf 87' lang='lat' dir='ltr'><strong>eorporis</strong></span> <span class='ocrx_word' id='word_1_65' title='bbox 613 921 698 985; x_wconf 90' lang='lat' dir='ltr'><strong>atque</strong></span> <span class='ocrx_word' id='word_1_66' title='bbox 715 916 815 970; x_wconf 89' lang='lat' dir='ltr'><strong>animai</strong></span> 
     </span>
    </p>

    <p class='ocr_par' dir='ltr' id='par_1_11' title="bbox 70 992 774 1062">
     <span class='ocr_line' id='line_1_12' title="bbox 70 992 774 1062; baseline -0.003 -15"><span class='ocrx_word' id='word_1_67' title='bbox 70 994 217 1048; x_wconf 91' lang='lat' dir='ltr'><strong>discidium</strong></span> <span class='ocrx_word' id='word_1_68' title='bbox 234 993 318 1047; x_wconf 90' lang='lat' dir='ltr'><strong>fuerit</strong></span> <span class='ocrx_word' id='word_1_69' title='bbox 336 993 435 1062; x_wconf 91' lang='lat' dir='ltr'><strong>quibus</strong></span> <span class='ocrx_word' id='word_1_70' title='bbox 453 1010 469 1047; x_wconf 89' lang='lat' dir='ltr'><strong>e</strong></span> <span class='ocrx_word' id='word_1_71' title='bbox 487 1010 581 1047; x_wconf 87' lang='lat' dir='ltr'><strong>suurus</strong></span> <span class='ocrx_word' id='word_1_72' title='bbox 598 993 691 1047; x_wconf 90' lang='lat' dir='ltr'><strong>uniter</strong></span> <span class='ocrx_word' id='word_1_73' title='bbox 709 992 774 1061; x_wconf 89' lang='lat' dir='ltr'><strong>apti,</strong></span> 
     </span>
    </p>

    <p class='ocr_par' dir='ltr' id='par_1_12' title="bbox 70 1068 926 1138">
     <span class='ocr_line' id='line_1_13' title="bbox 70 1068 926 1138; baseline -0.002 -16"><span class='ocrx_word' id='word_1_74' title='bbox 70 1069 175 1123; x_wconf 90' lang='lat' dir='ltr'><strong>scilicet</strong></span> <span class='ocrx_word' id='word_1_75' title='bbox 186 1069 260 1122; x_wconf 88' lang='lat' dir='ltr'><strong>haud</strong></span> <span class='ocrx_word' id='word_1_76' title='bbox 272 1068 349 1122; x_wconf 90' lang='lat' dir='ltr'><strong>uobis</strong></span> <span class='ocrx_word' id='word_1_77' title='bbox 362 1069 515 1138; x_wconf 89' lang='lat' dir='ltr'><strong>quicquam,</strong></span> <span class='ocrx_word' id='word_1_78' title='bbox 528 1070 576 1138; x_wconf 92' lang='lat' dir='ltr'><strong>qui</strong></span> <span class='ocrx_word' id='word_1_79' title='bbox 587 1085 642 1123; x_wconf 93' lang='lat' dir='ltr'><strong>non</strong></span> <span class='ocrx_word' id='word_1_80' title='bbox 654 1069 755 1123; x_wconf 88' lang='lat' dir='ltr'><strong>erimus</strong></span> <span class='ocrx_word' id='word_1_81' title='bbox 767 1070 834 1135; x_wconf 88' lang='lat' dir='ltr'><strong>tum,</strong></span> <span class='ocrx_word' id='word_1_82' title='bbox 890 1082 926 1122; x_wconf 84' lang='lat' dir='ltr'><strong>sro</strong></span> 
     </span>
    </p>

    <p class='ocr_par' dir='ltr' id='par_1_13' title="bbox 71 1145 753 1214">
     <span class='ocr_line' id='line_1_14' title="bbox 71 1145 753 1214; baseline 0.001 -15"><span class='ocrx_word' id='word_1_83' title='bbox 71 1145 197 1200; x_wconf 87' lang='lat' dir='ltr'><strong>accidere</strong></span> <span class='ocrx_word' id='word_1_84' title='bbox 207 1145 317 1198; x_wconf 88' lang='lat' dir='ltr'><strong>omuino</strong></span> <span class='ocrx_word' id='word_1_85' title='bbox 334 1145 437 1213; x_wconf 87' lang='lat' dir='ltr'><strong>poterit</strong></span> <span class='ocrx_word' id='word_1_86' title='bbox 455 1161 618 1214; x_wconf 86' lang='lat' dir='ltr'><strong>sensumque</strong></span> <span class='ocrx_word' id='word_1_87' title='bbox 635 1161 753 1214; x_wconf 84' lang='lat' dir='ltr'><strong>morere,</strong></span> 
     </span>
    </p>

    <p class='ocr_par' dir='ltr' id='par_1_14' title="bbox 72 1216 762 1275">
     <span class='ocr_line' id='line_1_15' title="bbox 72 1216 762 1275; baseline -0.001 0"><span class='ocrx_word' id='word_1_88' title='bbox 72 1238 126 1275; x_wconf 93' lang='lat' dir='ltr'><strong>uon</strong></span> <span class='ocrx_word' id='word_1_89' title='bbox 144 1222 166 1275; x_wconf 91' lang='lat' dir='ltr'><strong>si</strong></span> <span class='ocrx_word' id='word_1_90' title='bbox 183 1224 259 1275; x_wconf 87' lang='lat' dir='ltr'><strong>terra</strong></span> <span class='ocrx_word' id='word_1_91' title='bbox 276 1222 345 1274; x_wconf 88' lang='lat' dir='ltr'><strong>mari</strong></span> <span class='ocrx_word' id='word_1_92' title='bbox 362 1221 522 1274; x_wconf 82' lang='lat' dir='ltr'><strong>miscebitur</strong></span> <span class='ocrx_word' id='word_1_93' title='bbox 540 1223 570 1274; x_wconf 91' lang='lat' dir='ltr'><strong>et</strong></span> <span class='ocrx_word' id='word_1_94' title='bbox 587 1237 663 1275; x_wconf 86' lang='lat' dir='ltr'><strong>mare</strong></span> <span class='ocrx_word' id='word_1_95' title='bbox 680 1216 762 1275; x_wconf 84' lang='lat' dir='ltr'><strong>eaelo.</strong></span> 
     </span>
    </p>

    <p class='ocr_par' dir='ltr' id='par_1_15' title="bbox 71 1294 779 1364">
     <span class='ocr_line' id='line_1_16' title="bbox 71 1294 779 1364; baseline -0.004 -13"><span class='ocrx_word' id='word_1_96' title='bbox 71 1299 103 1351; x_wconf 88' lang='lat' dir='ltr'><strong>et</strong></span> <span class='ocrx_word' id='word_1_97' title='bbox 119 1297 143 1350; x_wconf 90' lang='lat' dir='ltr'><strong>si</strong></span> <span class='ocrx_word' id='word_1_98' title='bbox 160 1297 214 1349; x_wconf 88' lang='lat' dir='ltr'><strong>iam</strong></span> <span class='ocrx_word' id='word_1_99' title='bbox 232 1299 326 1348; x_wconf 87' lang='lat' dir='ltr'><strong>nostro</strong></span> <span class='ocrx_word' id='word_1_100' title='bbox 344 1295 430 1349; x_wconf 85' lang='lat' dir='ltr'><strong>sentit</strong></span> <span class='ocrx_word' id='word_1_101' title='bbox 449 1294 485 1348; x_wconf 89' lang='lat' dir='ltr'><strong>de</strong></span> <span class='ocrx_word' id='word_1_102' title='bbox 502 1311 614 1362; x_wconf 91' lang='lat' dir='ltr'><strong>corpore</strong></span> <span class='ocrx_word' id='word_1_103' title='bbox 631 1299 779 1364; x_wconf 83' lang='lat' dir='ltr'><strong>postquem</strong></span> 
     </span>
    </p>

    <p class='ocr_par' dir='ltr' id='par_1_16' title="bbox 71 1370 779 1440">
     <span class='ocr_line' id='line_1_17' title="bbox 71 1370 779 1440; baseline -0.004 -14"><span class='ocrx_word' id='word_1_104' title='bbox 71 1373 233 1426; x_wconf 83' lang='lat' dir='ltr'><strong>distractast</strong></span> <span class='ocrx_word' id='word_1_105' title='bbox 251 1370 334 1424; x_wconf 88' lang='lat' dir='ltr'><strong>animi</strong></span> <span class='ocrx_word' id='word_1_106' title='bbox 352 1374 451 1424; x_wconf 85' lang='lat' dir='ltr'><strong>natura</strong></span> <span class='ocrx_word' id='word_1_107' title='bbox 468 1370 630 1439; x_wconf 84' lang='lat' dir='ltr'><strong>animaeque</strong></span> <span class='ocrx_word' id='word_1_108' title='bbox 647 1373 779 1440; x_wconf 86' lang='lat' dir='ltr'><strong>potestas,</strong></span> 
     </span>
    </p>

    <p class='ocr_par' dir='ltr' id='par_1_17' title="bbox 72 1446 927 1514">
     <span class='ocr_line' id='line_1_18' title="bbox 72 1446 927 1514; baseline -0.002 -12"><span class='ocrx_word' id='word_1_109' title='bbox 72 1448 110 1502; x_wconf 93' lang='lat' dir='ltr'><strong>uil</strong></span> <span class='ocrx_word' id='word_1_110' title='bbox 127 1450 219 1502; x_wconf 88' lang='lat' dir='ltr'><strong>tamen</strong></span> <span class='ocrx_word' id='word_1_111' title='bbox 238 1450 281 1502; x_wconf 87' lang='lat' dir='ltr'><strong>est</strong></span> <span class='ocrx_word' id='word_1_112' title='bbox 299 1446 335 1499; x_wconf 87' lang='lat' dir='ltr'><strong>ad</strong></span> <span class='ocrx_word' id='word_1_113' title='bbox 353 1462 401 1499; x_wconf 91' lang='lat' dir='ltr'><strong>uos</strong></span> <span class='ocrx_word' id='word_1_114' title='bbox 420 1447 468 1514; x_wconf 90' lang='lat' dir='ltr'><strong>qui</strong></span> <span class='ocrx_word' id='word_1_115' title='bbox 485 1450 597 1514; x_wconf 89' lang='lat' dir='ltr'><strong>comptu</strong></span> <span class='ocrx_word' id='word_1_116' title='bbox 615 1446 794 1514; x_wconf 87' lang='lat' dir='ltr'><strong>coniugioque</strong></span> <span class='ocrx_word' id='word_1_117' title='bbox 890 1461 927 1500; x_wconf 79' lang='lat' dir='ltr'><strong>sse</strong></span> 
     </span>
    </p>

    <p class='ocr_par' dir='ltr' id='par_1_18' title="bbox 71 1521 800 1593">
     <span class='ocr_line' id='line_1_19' title="bbox 71 1521 800 1593; baseline -0.004 -14"><span class='ocrx_word' id='word_1_118' title='bbox 71 1525 192 1593; x_wconf 82' lang='lat' dir='ltr'><strong>corporis</strong></span> <span class='ocrx_word' id='word_1_119' title='bbox 210 1526 294 1592; x_wconf 86' lang='lat' dir='ltr'><strong>atque</strong></span> <span class='ocrx_word' id='word_1_120' title='bbox 312 1522 418 1576; x_wconf 88' lang='lat' dir='ltr'><strong>animae</strong></span> <span class='ocrx_word' id='word_1_121' title='bbox 436 1522 609 1576; x_wconf 89' lang='lat' dir='ltr'><strong>consistimus</strong></span> <span class='ocrx_word' id='word_1_122' title='bbox 626 1522 718 1576; x_wconf 86' lang='lat' dir='ltr'><strong>uniter</strong></span> <span class='ocrx_word' id='word_1_123' title='bbox 735 1521 800 1591; x_wconf 89' lang='lat' dir='ltr'><strong>apti.</strong></span> 
     </span>
    </p>

    <p class='ocr_par' dir='ltr' id='par_1_19' title="bbox 72 1598 723 1667">
     <span class='ocr_line' id='line_1_20' title="bbox 72 1598 723 1667; baseline -0.002 -15"><span class='ocrx_word' id='word_1_124' title='bbox 72 1616 131 1667; x_wconf 88' lang='lat' dir='ltr'><strong>uec,</strong></span> <span class='ocrx_word' id='word_1_125' title='bbox 148 1600 170 1652; x_wconf 90' lang='lat' dir='ltr'><strong>si</strong></span> <span class='ocrx_word' id='word_1_126' title='bbox 189 1599 331 1653; x_wconf 87' lang='lat' dir='ltr'><strong>materiem</strong></span> <span class='ocrx_word' id='word_1_127' title='bbox 349 1602 471 1653; x_wconf 88' lang='lat' dir='ltr'><strong>nostram</strong></span> <span class='ocrx_word' id='word_1_128' title='bbox 489 1598 630 1667; x_wconf 83' lang='lat' dir='ltr'><strong>collegerit</strong></span> <span class='ocrx_word' id='word_1_129' title='bbox 647 1601 723 1654; x_wconf 86' lang='lat' dir='ltr'><strong>aetas</strong></span> 
     </span>
    </p>

    <p class='ocr_par' dir='ltr' id='par_1_20' title="bbox 71 1675 868 1744">
     <span class='ocr_line' id='line_1_21' title="bbox 71 1675 868 1744; baseline 0.001 -16"><span class='ocrx_word' id='word_1_130' title='bbox 71 1679 135 1744; x_wconf 89' lang='lat' dir='ltr'><strong>post</strong></span> <span class='ocrx_word' id='word_1_131' title='bbox 154 1675 258 1729; x_wconf 88' lang='lat' dir='ltr'><strong>obitum</strong></span> <span class='ocrx_word' id='word_1_132' title='bbox 276 1691 439 1744; x_wconf 88' lang='lat' dir='ltr'><strong>rursumque</strong></span> <span class='ocrx_word' id='word_1_133' title='bbox 457 1675 597 1743; x_wconf 80' lang='lat' dir='ltr'><strong>redegerit</strong></span> <span class='ocrx_word' id='word_1_134' title='bbox 614 1678 647 1729; x_wconf 92' lang='lat' dir='ltr'><strong>ut</strong></span> <span class='ocrx_word' id='word_1_135' title='bbox 664 1675 717 1729; x_wconf 86' lang='lat' dir='ltr'><strong>sita</strong></span> <span class='ocrx_word' id='word_1_136' title='bbox 734 1691 806 1729; x_wconf 89' lang='lat' dir='ltr'><strong>nuuc</strong></span> <span class='ocrx_word' id='word_1_137' title='bbox 824 1677 868 1729; x_wconf 88' lang='lat' dir='ltr'><strong>est</strong></span> 
     </span>
    </p>

    <p class='ocr_par' dir='ltr' id='par_1_21' title="bbox 71 1750 787 1820">
     <span class='ocr_line' id='line_1_22' title="bbox 71 1750 787 1820; baseline 0.001 -16"><span class='ocrx_word' id='word_1_138' title='bbox 71 1755 156 1820; x_wconf 88' lang='lat' dir='ltr'><strong>atque</strong></span> <span class='ocrx_word' id='word_1_139' title='bbox 174 1752 273 1805; x_wconf 91' lang='lat' dir='ltr'><strong>iterum</strong></span> <span class='ocrx_word' id='word_1_140' title='bbox 291 1750 369 1803; x_wconf 87' lang='lat' dir='ltr'><strong>uobis</strong></span> <span class='ocrx_word' id='word_1_141' title='bbox 386 1752 487 1805; x_wconf 86' lang='lat' dir='ltr'><strong>fuerint</strong></span> <span class='ocrx_word' id='word_1_142' title='bbox 505 1752 571 1805; x_wconf 87' lang='lat' dir='ltr'><strong>data</strong></span> <span class='ocrx_word' id='word_1_143' title='bbox 588 1751 690 1804; x_wconf 88' lang='lat' dir='ltr'><strong>lumina</strong></span> <span class='ocrx_word' id='word_1_144' title='bbox 706 1752 787 1819; x_wconf 85' lang='lat' dir='ltr'><strong>ritae,</strong></span> 
     </span>
    </p>

    <p class='ocr_par' dir='ltr' id='par_1_22' title="bbox 71 1826 926 1896">
     <span class='ocr_line' id='line_1_23' title="bbox 71 1826 926 1896; baseline -0.001 -16"><span class='ocrx_word' id='word_1_145' title='bbox 71 1827 210 1896; x_wconf 86' lang='lat' dir='ltr'><strong>pertineat</strong></span> <span class='ocrx_word' id='word_1_146' title='bbox 222 1826 367 1895; x_wconf 86' lang='lat' dir='ltr'><strong>quiequam</strong></span> <span class='ocrx_word' id='word_1_147' title='bbox 379 1831 471 1881; x_wconf 87' lang='lat' dir='ltr'><strong>tanreu</strong></span> <span class='ocrx_word' id='word_1_148' title='bbox 484 1827 521 1881; x_wconf 88' lang='lat' dir='ltr'><strong>ad</strong></span> <span class='ocrx_word' id='word_1_149' title='bbox 532 1844 581 1881; x_wconf 90' lang='lat' dir='ltr'><strong>uos</strong></span> <span class='ocrx_word' id='word_1_150' title='bbox 589 1827 619 1880; x_wconf 87' lang='lat' dir='ltr'><strong>id</strong></span> <span class='ocrx_word' id='word_1_151' title='bbox 631 1844 741 1896; x_wconf 91' lang='lat' dir='ltr'><strong>quoque</strong></span> <span class='ocrx_word' id='word_1_152' title='bbox 752 1828 863 1894; x_wconf 86' lang='lat' dir='ltr'><strong>factum,</strong></span> <span class='ocrx_word' id='word_1_153' title='bbox 890 1841 926 1880; x_wconf 84' lang='lat' dir='ltr'><strong>eso</strong></span> 
     </span>
    </p>

    <p class='ocr_par' dir='ltr' id='par_1_23' title="bbox 70 1903 744 1971">
     <span class='ocr_line' id='line_1_24' title="bbox 70 1903 744 1971; baseline 0 -15"><span class='ocrx_word' id='word_1_154' title='bbox 70 1904 225 1971; x_wconf 83' lang='lat' dir='ltr'><strong>interrupto</strong></span> <span class='ocrx_word' id='word_1_155' title='bbox 242 1903 326 1956; x_wconf 88' lang='lat' dir='ltr'><strong>semel</strong></span> <span class='ocrx_word' id='word_1_156' title='bbox 344 1919 406 1956; x_wconf 91' lang='lat' dir='ltr'><strong>cum</strong></span> <span class='ocrx_word' id='word_1_157' title='bbox 424 1904 461 1956; x_wconf 91' lang='lat' dir='ltr'><strong>sit</strong></span> <span class='ocrx_word' id='word_1_158' title='bbox 478 1903 632 1971; x_wconf 86' lang='lat' dir='ltr'><strong>repetentia</strong></span> <span class='ocrx_word' id='word_1_159' title='bbox 650 1903 744 1956; x_wconf 88' lang='lat' dir='ltr'><strong>uostri.</strong></span> 
     </span>
    </p>

    <p class='ocr_par' dir='ltr' id='par_1_24' title="bbox 71 1977 721 2042">
     <span class='ocr_line' id='line_1_25' title="bbox 71 1977 721 2042; baseline -0.003 -9"><span class='ocrx_word' id='word_1_160' title='bbox 71 1983 102 2034; x_wconf 92' lang='lat' dir='ltr'><strong>et</strong></span> <span class='ocrx_word' id='word_1_161' title='bbox 118 1996 189 2033; x_wconf 90' lang='lat' dir='ltr'><strong>nunc</strong></span> <span class='ocrx_word' id='word_1_162' title='bbox 207 1980 244 2032; x_wconf 93' lang='lat' dir='ltr'><strong>nil</strong></span> <span class='ocrx_word' id='word_1_163' title='bbox 261 1979 298 2032; x_wconf 87' lang='lat' dir='ltr'><strong>ad</strong></span> <span class='ocrx_word' id='word_1_164' title='bbox 315 1994 365 2031; x_wconf 90' lang='lat' dir='ltr'><strong>uos</strong></span> <span class='ocrx_word' id='word_1_165' title='bbox 383 1977 418 2031; x_wconf 91' lang='lat' dir='ltr'><strong>de</strong></span> <span class='ocrx_word' id='word_1_166' title='bbox 435 1979 515 2032; x_wconf 91' lang='lat' dir='ltr'><strong>nobis</strong></span> <span class='ocrx_word' id='word_1_167' title='bbox 532 1978 638 2042; x_wconf 86' lang='lat' dir='ltr'><strong>attinet,</strong></span> <span class='ocrx_word' id='word_1_168' title='bbox 656 1981 721 2031; x_wconf 91' lang='lat' dir='ltr'><strong>aute</strong></span> 
     </span>
    </p>

    <p class='ocr_par' dir='ltr' id='par_1_25' title="bbox 71 2052 828 2125">
     <span class='ocr_line' id='line_1_26' title="bbox 71 2052 828 2125; baseline -0.001 -17"><span class='ocrx_word' id='word_1_169' title='bbox 71 2055 120 2125; x_wconf 87' lang='lat' dir='ltr'><strong>qui</strong></span> <span class='ocrx_word' id='word_1_170' title='bbox 136 2055 241 2121; x_wconf 80' lang='lat' dir='ltr'><strong>trimus,</strong></span> <span class='ocrx_word' id='word_1_171' title='bbox 259 2070 347 2121; x_wconf 80' lang='lat' dir='ltr'><strong>ueqee</strong></span> <span class='ocrx_word' id='word_1_172' title='bbox 363 2053 419 2106; x_wconf 86' lang='lat' dir='ltr'><strong>iam</strong></span> <span class='ocrx_word' id='word_1_173' title='bbox 436 2054 472 2107; x_wconf 90' lang='lat' dir='ltr'><strong>de</strong></span> <span class='ocrx_word' id='word_1_174' title='bbox 488 2053 542 2106; x_wconf 90' lang='lat' dir='ltr'><strong>illis</strong></span> <span class='ocrx_word' id='word_1_175' title='bbox 558 2069 608 2105; x_wconf 89' lang='lat' dir='ltr'><strong>nos</strong></span> <span class='ocrx_word' id='word_1_176' title='bbox 626 2052 719 2107; x_wconf 88' lang='lat' dir='ltr'><strong>adficit</strong></span> <span class='ocrx_word' id='word_1_177' title='bbox 736 2069 828 2120; x_wconf 86' lang='lat' dir='ltr'><strong>angor.</strong></span> 
     </span>
    </p>

    <p class='ocr_par' dir='ltr' id='par_1_26' title="bbox 72 2128 742 2198">
     <span class='ocr_line' id='line_1_27' title="bbox 72 2128 742 2198; baseline -0.003 -14"><span class='ocrx_word' id='word_1_178' title='bbox 72 2149 135 2184; x_wconf 87' lang='lat' dir='ltr'><strong>uam</strong></span> <span class='ocrx_word' id='word_1_179' title='bbox 154 2147 215 2184; x_wconf 90' lang='lat' dir='ltr'><strong>eum</strong></span> <span class='ocrx_word' id='word_1_180' title='bbox 233 2129 362 2198; x_wconf 88' lang='lat' dir='ltr'><strong>respicias</strong></span> <span class='ocrx_word' id='word_1_181' title='bbox 379 2129 493 2183; x_wconf 88' lang='lat' dir='ltr'><strong>inmensi</strong></span> <span class='ocrx_word' id='word_1_182' title='bbox 512 2128 644 2196; x_wconf 88' lang='lat' dir='ltr'><strong>temporis</strong></span> <span class='ocrx_word' id='word_1_183' title='bbox 662 2143 742 2182; x_wconf 92' lang='lat' dir='ltr'><strong>omne</strong></span> 
     </span>
    </p>

    <p class='ocr_par' dir='ltr' id='par_1_27' title="bbox 72 2203 926 2276">
     <span class='ocr_line' id='line_1_28' title="bbox 72 2203 926 2276; baseline -0.004 -16"><span class='ocrx_word' id='word_1_184' title='bbox 72 2206 253 2276; x_wconf 88' lang='lat' dir='ltr'><strong>praeteritum</strong></span> <span class='ocrx_word' id='word_1_185' title='bbox 271 2204 398 2273; x_wconf 90' lang='lat' dir='ltr'><strong>spatium,</strong></span> <span class='ocrx_word' id='word_1_186' title='bbox 417 2207 477 2258; x_wconf 90' lang='lat' dir='ltr'><strong>tum</strong></span> <span class='ocrx_word' id='word_1_187' title='bbox 495 2206 586 2256; x_wconf 91' lang='lat' dir='ltr'><strong>motus</strong></span> <span class='ocrx_word' id='word_1_188' title='bbox 603 2203 728 2256; x_wconf 83' lang='lat' dir='ltr'><strong>materiai</strong></span> <span class='ocrx_word' id='word_1_189' title='bbox 891 2220 926 2258; x_wconf 79' lang='lat' dir='ltr'><strong>sss</strong></span> 
     </span>
    </p>

    <p class='ocr_par' dir='ltr' id='par_1_28' title="bbox 72 2278 868 2348">
     <span class='ocr_line' id='line_1_29' title="bbox 72 2278 868 2348; baseline -0.006 -12"><span class='ocrx_word' id='word_1_190' title='bbox 72 2280 242 2337; x_wconf 87' lang='lat' dir='ltr'><strong>multimodis</strong></span> <span class='ocrx_word' id='word_1_191' title='bbox 260 2296 342 2348; x_wconf 89' lang='lat' dir='ltr'><strong>quam</strong></span> <span class='ocrx_word' id='word_1_192' title='bbox 360 2280 423 2348; x_wconf 88' lang='lat' dir='ltr'><strong>siut,</strong></span> <span class='ocrx_word' id='word_1_193' title='bbox 440 2279 519 2332; x_wconf 87' lang='lat' dir='ltr'><strong>facile</strong></span> <span class='ocrx_word' id='word_1_194' title='bbox 537 2278 588 2332; x_wconf 93' lang='lat' dir='ltr'><strong>hoc</strong></span> <span class='ocrx_word' id='word_1_195' title='bbox 605 2278 756 2333; x_wconf 87' lang='lat' dir='ltr'><strong>adcredere</strong></span> <span class='ocrx_word' id='word_1_196' title='bbox 774 2278 868 2347; x_wconf 79' lang='lat' dir='ltr'><strong>possis,</strong></span> 
     </span>
    </p>

    <p class='ocr_par' dir='ltr' id='par_1_29' title="bbox 23 2355 898 2578">
     <span class='ocr_line' id='line_1_30' title="bbox 73 2355 885 2424; baseline -0.004 -13"><span class='ocrx_word' id='word_1_197' title='bbox 73 2357 178 2411; x_wconf 84' lang='lat' dir='ltr'><strong>semino</strong></span> <span class='ocrx_word' id='word_1_198' title='bbox 196 2372 278 2424; x_wconf 87' lang='lat' dir='ltr'><strong>saepe</strong></span> <span class='ocrx_word' id='word_1_199' title='bbox 295 2355 323 2408; x_wconf 91' lang='lat' dir='ltr'><strong>in</strong></span> <span class='ocrx_word' id='word_1_200' title='bbox 341 2355 445 2424; x_wconf 88' lang='lat' dir='ltr'><strong>codem,</strong></span> <span class='ocrx_word' id='word_1_201' title='bbox 462 2359 495 2409; x_wconf 92' lang='lat' dir='ltr'><strong>ut</strong></span> <span class='ocrx_word' id='word_1_202' title='bbox 512 2358 673 2422; x_wconf 67' lang='lat' dir='ltr'><strong>nunc-sunt,</strong></span> <span class='ocrx_word' id='word_1_203' title='bbox 692 2355 788 2409; x_wconf 86' lang='lat' dir='ltr'><strong>ordine</strong></span> <span class='ocrx_word' id='word_1_204' title='bbox 805 2359 885 2424; x_wconf 86' lang='lat' dir='ltr'><strong>postu</strong></span> 
     </span>
     <span class='ocr_line' id='line_1_31' title="bbox 23 2430 881 2500; baseline -0.001 -13"><span class='ocrx_word' id='word_1_205' title='bbox 23 2453 58 2486; x_wconf 75' lang='lat' dir='ltr'><strong>aa</strong></span> <span class='ocrx_word' id='word_1_206' title='bbox 73 2433 141 2487; x_wconf 88' lang='lat' dir='ltr'><strong>haec</strong></span> <span class='ocrx_word' id='word_1_207' title='bbox 159 2431 263 2498; x_wconf 85' lang='lat' dir='ltr'><strong>eadem,</strong></span> <span class='ocrx_word' id='word_1_208' title='bbox 282 2430 381 2500; x_wconf 90' lang='lat' dir='ltr'><strong>quibus</strong></span> <span class='ocrx_word' id='word_1_209' title='bbox 399 2447 415 2484; x_wconf 90' lang='lat' dir='ltr'><strong>e</strong></span> <span class='ocrx_word' id='word_1_210' title='bbox 433 2447 504 2485; x_wconf 91' lang='lat' dir='ltr'><strong>nuuc</strong></span> <span class='ocrx_word' id='word_1_211' title='bbox 520 2446 570 2484; x_wconf 92' lang='lat' dir='ltr'><strong>nos</strong></span> <span class='ocrx_word' id='word_1_212' title='bbox 589 2447 690 2499; x_wconf 90' lang='lat' dir='ltr'><strong>snmus,</strong></span> <span class='ocrx_word' id='word_1_213' title='bbox 708 2431 881 2486; x_wconf 86' lang='lat' dir='ltr'><strong>antefuisse.</strong></span> 
     </span>
     <span class='ocr_line' id='line_1_32' title="bbox 24 2507 898 2578; baseline 0 -15"><span class='ocrx_word' id='word_1_214' title='bbox 24 2530 60 2562; x_wconf 74' lang='lat' dir='ltr'><strong>sss</strong></span> <span class='ocrx_word' id='word_1_215' title='bbox 73 2525 123 2563; x_wconf 90' lang='lat' dir='ltr'><strong>nec</strong></span> <span class='ocrx_word' id='word_1_216' title='bbox 142 2507 255 2561; x_wconf 89' lang='lat' dir='ltr'><strong>memori</strong></span> <span class='ocrx_word' id='word_1_217' title='bbox 273 2511 366 2562; x_wconf 84' lang='lat' dir='ltr'><strong>tamen</strong></span> <span class='ocrx_word' id='word_1_218' title='bbox 383 2507 414 2561; x_wconf 92' lang='lat' dir='ltr'><strong>id</strong></span> <span class='ocrx_word' id='word_1_219' title='bbox 432 2508 540 2578; x_wconf 89' lang='lat' dir='ltr'><strong>quimus</strong></span> <span class='ocrx_word' id='word_1_220' title='bbox 558 2507 778 2578; x_wconf 85' lang='lat' dir='ltr'><strong>repraehendere</strong></span> <span class='ocrx_word' id='word_1_221' title='bbox 795 2511 898 2574; x_wconf 64' lang='lat' dir='ltr'><strong>mentm</strong></span> 
     </span>
    </p>

    <p class='ocr_par' dir='ltr' id='par_1_30' title="bbox 72 2584 926 2653">
     <span class='ocr_line' id='line_1_33' title="bbox 72 2584 926 2653; baseline -0.001 -15"><span class='ocrx_word' id='word_1_222' title='bbox 72 2585 145 2638; x_wconf 90' lang='lat' dir='ltr'><strong>inter</strong></span> <span class='ocrx_word' id='word_1_223' title='bbox 162 2584 233 2638; x_wconf 87' lang='lat' dir='ltr'><strong>enim</strong></span> <span class='ocrx_word' id='word_1_224' title='bbox 251 2584 349 2638; x_wconf 86' lang='lat' dir='ltr'><strong>iectast</strong></span> <span class='ocrx_word' id='word_1_225' title='bbox 366 2584 432 2638; x_wconf 87' lang='lat' dir='ltr'><strong>vitai</strong></span> <span class='ocrx_word' id='word_1_226' title='bbox 450 2600 535 2653; x_wconf 87' lang='lat' dir='ltr'><strong>pausa</strong></span> <span class='ocrx_word' id='word_1_227' title='bbox 554 2600 675 2652; x_wconf 87' lang='lat' dir='ltr'><strong>vageque</strong></span> <span class='ocrx_word' id='word_1_228' title='bbox 890 2598 926 2637; x_wconf 86' lang='lat' dir='ltr'><strong>soc</strong></span> 
     </span>
    </p>

    <p class='ocr_par' dir='ltr' id='par_1_31' title="bbox 74 2658 778 2728">
     <span class='ocr_line' id='line_1_34' title="bbox 74 2658 778 2728; baseline -0.003 -14"><span class='ocrx_word' id='word_1_229' title='bbox 74 2661 237 2714; x_wconf 80' lang='lat' dir='ltr'><strong>deerrarunt</strong></span> <span class='ocrx_word' id='word_1_230' title='bbox 254 2660 354 2728; x_wconf 90' lang='lat' dir='ltr'><strong>passim</strong></span> <span class='ocrx_word' id='word_1_231' title='bbox 373 2666 464 2715; x_wconf 87' lang='lat' dir='ltr'><strong>motus</strong></span> <span class='ocrx_word' id='word_1_232' title='bbox 481 2658 517 2713; x_wconf 91' lang='lat' dir='ltr'><strong>ab</strong></span> <span class='ocrx_word' id='word_1_233' title='bbox 536 2660 660 2713; x_wconf 89' lang='lat' dir='ltr'><strong>sensibus</strong></span> <span class='ocrx_word' id='word_1_234' title='bbox 679 2675 778 2713; x_wconf 75' lang='lat' dir='ltr'><strong>omues,</strong></span> 
     </span>
    </p>

    <p class='ocr_par' dir='ltr' id='par_1_32' title="bbox 73 2734 833 2802">
     <span class='ocr_line' id='line_1_35' title="bbox 73 2734 833 2802; baseline -0.005 -12"><span class='ocrx_word' id='word_1_235' title='bbox 73 2735 157 2790; x_wconf 88' lang='lat' dir='ltr'><strong>debet</strong></span> <span class='ocrx_word' id='word_1_236' title='bbox 175 2736 256 2802; x_wconf 89' lang='lat' dir='ltr'><strong>euim,</strong></span> <span class='ocrx_word' id='word_1_237' title='bbox 274 2735 373 2788; x_wconf 89' lang='lat' dir='ltr'><strong>misere</strong></span> <span class='ocrx_word' id='word_1_238' title='bbox 391 2736 414 2787; x_wconf 90' lang='lat' dir='ltr'><strong>si</strong></span> <span class='ocrx_word' id='word_1_239' title='bbox 432 2737 503 2789; x_wconf 85' lang='lat' dir='ltr'><strong>forto</strong></span> <span class='ocrx_word' id='word_1_240' title='bbox 521 2751 656 2802; x_wconf 87' lang='lat' dir='ltr'><strong>aegreque</strong></span> <span class='ocrx_word' id='word_1_241' title='bbox 674 2734 833 2799; x_wconf 86' lang='lat' dir='ltr'><strong>futurumst,</strong></span> 
     </span>
    </p>

    <p class='ocr_par' dir='ltr' id='par_1_33' title="bbox 73 2807 913 2880">
     <span class='ocr_line' id='line_1_36' title="bbox 73 2807 913 2880; baseline -0.004 -16"><span class='ocrx_word' id='word_1_242' title='bbox 73 2812 133 2880; x_wconf 88' lang='lat' dir='ltr'><strong>ipse</strong></span> <span class='ocrx_word' id='word_1_243' title='bbox 150 2828 258 2880; x_wconf 91' lang='lat' dir='ltr'><strong>quoque</strong></span> <span class='ocrx_word' id='word_1_244' title='bbox 276 2826 336 2864; x_wconf 89' lang='lat' dir='ltr'><strong>esse</strong></span> <span class='ocrx_word' id='word_1_245' title='bbox 353 2810 380 2862; x_wconf 93' lang='lat' dir='ltr'><strong>iu</strong></span> <span class='ocrx_word' id='word_1_246' title='bbox 399 2826 431 2863; x_wconf 90' lang='lat' dir='ltr'><strong>eo</strong></span> <span class='ocrx_word' id='word_1_247' title='bbox 448 2814 508 2864; x_wconf 89' lang='lat' dir='ltr'><strong>tum</strong></span> <span class='ocrx_word' id='word_1_248' title='bbox 526 2814 658 2878; x_wconf 89' lang='lat' dir='ltr'><strong>temporo,</strong></span> <span class='ocrx_word' id='word_1_249' title='bbox 677 2809 721 2862; x_wconf 91' lang='lat' dir='ltr'><strong>eui</strong></span> <span class='ocrx_word' id='word_1_250' title='bbox 739 2808 810 2861; x_wconf 88' lang='lat' dir='ltr'><strong>male</strong></span> <span class='ocrx_word' id='word_1_251' title='bbox 827 2807 913 2875; x_wconf 87' lang='lat' dir='ltr'><strong>possit</strong></span> 
     </span>
    </p>

    <p class='ocr_par' dir='ltr' id='par_1_34' title="bbox 26 2881 934 3032">
     <span class='ocr_line' id='line_1_37' title="bbox 73 2881 862 2956; baseline -0.008 -15"><span class='ocrx_word' id='word_1_252' title='bbox 73 2887 202 2942; x_wconf 87' lang='lat' dir='ltr'><strong>accidere.</strong></span> <span class='ocrx_word' id='word_1_253' title='bbox 222 2888 252 2941; x_wconf 89' lang='lat' dir='ltr'><strong>id</strong></span> <span class='ocrx_word' id='word_1_254' title='bbox 270 2884 398 2956; x_wconf 88' lang='lat' dir='ltr'><strong>quoniam</strong></span> <span class='ocrx_word' id='word_1_255' title='bbox 417 2902 490 2939; x_wconf 89' lang='lat' dir='ltr'><strong>mors</strong></span> <span class='ocrx_word' id='word_1_256' title='bbox 508 2886 611 2951; x_wconf 88' lang='lat' dir='ltr'><strong>eximit,</strong></span> <span class='ocrx_word' id='word_1_257' title='bbox 630 2898 745 2952; x_wconf 89' lang='lat' dir='ltr'><strong>esseque</strong></span> <span class='ocrx_word' id='word_1_258' title='bbox 763 2881 862 2951; x_wconf 89' lang='lat' dir='ltr'><strong>probet</strong></span> 
     </span>
     <span class='ocr_line' id='line_1_38' title="bbox 26 2958 934 3032; baseline -0.01 -17"><span class='ocrx_word' id='word_1_259' title='bbox 26 2963 150 3017; x_wconf 73' lang='lat' dir='ltr'><strong>ossillum</strong></span> <span class='ocrx_word' id='word_1_260' title='bbox 167 2964 210 3017; x_wconf 90' lang='lat' dir='ltr'><strong>cui</strong></span> <span class='ocrx_word' id='word_1_261' title='bbox 228 2963 334 3032; x_wconf 87' lang='lat' dir='ltr'><strong>possint</strong></span> <span class='ocrx_word' id='word_1_262' title='bbox 351 2961 522 3014; x_wconf 86' lang='lat' dir='ltr'><strong>incommoda</strong></span> <span class='ocrx_word' id='word_1_263' title='bbox 539 2958 683 3024; x_wconf 85' lang='lat' dir='ltr'><strong>conciliari,</strong></span> <span class='ocrx_word' id='word_1_264' title='bbox 890 2971 934 3006; x_wconf 65' lang='lat' dir='ltr'><strong>sss</strong></span> 
     </span>
    </p>

    <p class='ocr_par' dir='ltr' id='par_1_35' title="bbox 75 3033 798 3093">
     <span class='ocr_line' id='line_1_39' title="bbox 75 3033 798 3093; baseline -0.011 -2"><span class='ocrx_word' id='word_1_265' title='bbox 75 3039 145 3092; x_wconf 89' lang='lat' dir='ltr'><strong>scire</strong></span> <span class='ocrx_word' id='word_1_266' title='bbox 162 3039 225 3093; x_wconf 87' lang='lat' dir='ltr'><strong>licet</strong></span> <span class='ocrx_word' id='word_1_267' title='bbox 242 3039 319 3092; x_wconf 88' lang='lat' dir='ltr'><strong>nobis</strong></span> <span class='ocrx_word' id='word_1_268' title='bbox 336 3035 374 3091; x_wconf 92' lang='lat' dir='ltr'><strong>nil</strong></span> <span class='ocrx_word' id='word_1_269' title='bbox 393 3053 454 3093; x_wconf 83' lang='lat' dir='ltr'><strong>esse</strong></span> <span class='ocrx_word' id='word_1_270' title='bbox 471 3037 502 3092; x_wconf 88' lang='lat' dir='ltr'><strong>in</strong></span> <span class='ocrx_word' id='word_1_271' title='bbox 519 3039 614 3093; x_wconf 86' lang='lat' dir='ltr'><strong>morto</strong></span> <span class='ocrx_word' id='word_1_272' title='bbox 629 3033 798 3091; x_wconf 74' lang='lat' dir='ltr'><strong>timendum</strong></span> 
     </span>
    </p>

    <p class='ocr_par' dir='ltr' id='par_1_36' title="bbox 68 3101 900 3187">
     <span class='ocr_line' id='line_1_40' title="bbox 68 3101 900 3187; baseline -0.008 -24"><span class='ocrx_word' id='word_1_273' title='bbox 68 3130 120 3164; x_wconf 86' lang='lat' dir='ltr'><strong>nee</strong></span> <span class='ocrx_word' id='word_1_274' title='bbox 134 3113 264 3167; x_wconf 88' lang='lat' dir='ltr'><strong>miserum</strong></span> <span class='ocrx_word' id='word_1_275' title='bbox 282 3113 345 3169; x_wconf 83' lang='lat' dir='ltr'><strong>fieri</strong></span> <span class='ocrx_word' id='word_1_276' title='bbox 364 3116 413 3187; x_wconf 89' lang='lat' dir='ltr'><strong>qui</strong></span> <span class='ocrx_word' id='word_1_277' title='bbox 432 3133 489 3172; x_wconf 88' lang='lat' dir='ltr'><strong>uon</strong></span> <span class='ocrx_word' id='word_1_278' title='bbox 510 3118 556 3173; x_wconf 89' lang='lat' dir='ltr'><strong>cst</strong></span> <span class='ocrx_word' id='word_1_279' title='bbox 572 3131 663 3186; x_wconf 73' lang='lat' dir='ltr'><strong>posse</strong></span> <span class='ocrx_word' id='word_1_280' title='bbox 678 3101 900 3178; x_wconf 59' lang='lat' dir='ltr'><strong>nequeuntem</strong></span> 
     </span>
    </p>
   </div>
   <div class='ocr_carea' id='block_1_3' title="bbox 52 3158 968 3301">
    <p class='ocr_par' dir='ltr' id='par_1_37' title="bbox 52 3158 968 3301">
     <span class='ocr_line' id='line_1_41' title="bbox 52 3158 968 3301; baseline 0.002 -64"><span class='ocrx_word' id='word_1_281' title='bbox 52 3186 170 3301; x_wconf 55' lang='lat' dir='ltr'><strong>Idor&#39;fferre</strong></span> <span class='ocrx_word' id='word_1_282' title='bbox 187 3189 248 3242; x_wconf 88' lang='lat' dir='ltr'><strong>isne</strong></span> <span class='ocrx_word' id='word_1_283' title='bbox 268 3191 326 3246; x_wconf 91' lang='lat' dir='ltr'><strong>ullo</strong></span> <span class='ocrx_word' id='word_1_284' title='bbox 345 3193 440 3252; x_wconf 85' lang='lat' dir='ltr'><strong>fuerit</strong></span> <span class='ocrx_word' id='word_1_285' title='bbox 459 3196 523 3252; x_wconf 85' lang='lat' dir='ltr'><strong>iam</strong></span> <span class='ocrx_word' id='word_1_286' title='bbox 540 3200 688 3267; x_wconf 83' lang='lat' dir='ltr'><strong>ternpore</strong></span> <span class='ocrx_word' id='word_1_287' title='bbox 704 3189 812 3248; x_wconf 76' lang='lat' dir='ltr'><strong>uatus,</strong></span> <span class='ocrx_word' id='word_1_288' title='bbox 914 3226 926 3232; x_wconf 89' lang='lat'><strong>..</strong></span> <span class='ocrx_word' id='word_1_289' title='bbox 960 3158 968 3223; x_wconf 67' lang='lat' dir='ltr'><strong>l</strong></span> 
     </span>
    </p>
   </div>
   <div class='ocr_carea' id='block_1_4' title="bbox 0 0 1024 3426">
    <p class='ocr_par' dir='ltr' id='par_1_38' title="bbox 0 0 1024 3426">
     <span class='ocr_line' id='line_1_42' title="bbox 0 0 1024 3426; baseline 0 0"><span class='ocrx_word' id='word_1_290' title='bbox 0 0 1024 3426; x_wconf 95' lang='lat' dir='ltr'><strong> </strong></span> 
     </span>
    </p>
   </div>
  </div>
 </body>
</html>
