2040 3426
478 116 551 172 ΗΠ
881 116 937 174 109

91 216 216 285 affugere,
234 234 354 272 errorem
372 215 514 287 vitareque
532 223 761 288 praemetuentor,

89 293 192 346 lumina
208 309 244 346 ne
261 293 344 346 facias
363 295 500 348 oculorum
518 295 590 348 clara
608 301 707 364 creata,
902 312 939 352 ars

46 394 79 427 aas
91 370 245 439 prospicere
259 372 295 422 ‘ut
312 384 461 438 possemus·
477 374 506 425 et
524 374 555 425 ut
572 372 695 439 proferre
713 390 847 443 queamus

90 461 218 515 proceros
236 462 338 515 passus
350 441 418 500 <ideo
436 447 545 514 fastigia
562 463 641 515 posse

91 539 215 577 surarum
233 539 265 576 ac
283 523 413 576 feminum
430 522 547 592 pedibus
565 524 681 579 fundata
698 527 801 596 plicari,

90 597 217 653 bracchia
234 602 293 652 tum
310 615 392 668 porro
410 599 507 653 validis
524 616 559 653 ex
577 605 643 669 apta
660 601 769 656 lacertis

90 693 151 730 osse
168 692 316 743 manusque
334 675 413 728 datos
431 678 549 744 utraque
565 692 600 730 cc
615 681 696 746 'partc
714 679 871 748 ministras,‘
902 693 939 750 sap

76 755 124 826 ut
140 753 230 805 facero
248 752 283 804 ad
301 752 386 804 vitam
404 767 545 820 possemus
563 769 633 820 quae
650 754 721 809 foret
739 771 811 808 usus.

91 832 184 883 cetera
202 827 237 880 de
254 844 354 895 genere
371 827 421 881 hoc
438 827 511 880 inter
529 845 715 898 quaecumque
732 833 885 899 metantur,

91 905 180 959 omnia
192 903 326 972 perversa
344 907 521 973 praepostera
539 908 603 958 sunt
620 907 733 973 rationo,

90 981 128 1034 nil
147 980 209 1033 idco
228 981 354 1048 quoniam
372 982 495 1033 natumst
512 979 539 1033 in
558 997 672 1050 corpore
690 984 722 1035 ut
739 983 780 1038 uti

90 1072 238 1125 possemus,
250 1056 305 1109 ¹uod
325 1055 398 1123 quod
416 1059 538 1110 natumst
555 1057 584 1109 id
601 1053 728 1126 procreat
746 1074 832 1112 usum.
902 1072 938 1112 ms

91 1149 141 1185 nec
158 1132 211 1185 fuit
229 1134 292 1184 ante
310 1132 404 1184 videre
422 1132 560 1185 oculorum
578 1132 680 1186 lumina
696 1137 762 1188 nata

91 1224 142 1261 ncc
160 1207 243 1261 dictis¹
256 1222 335 1260 orarc
352 1208 428 1276 prius
446 1224 527 1276 quam
545 1208 638 1275 lingua
655 1213 781 1278 creatast,

91 1284 140 1337 sed
157 1283 346 1353 potiussslonge
364 1283 471 1350 linguae
488 1285 637 1350 praecessit
655 1287 730 1352 origo

92 1355 243 1412 sermonem
259 1359 401 1426 multoque
418 1362 526 1412 creatae
545 1363 609 1413 sunt
626 1361 702 1428 prius
720 1377 799 1414 aures

90 1452 173 1504 quam
185 1451 266 1488 sonus
278 1438 320 1487 cst
332 1435 449 1503 auditus,
462 1438 491 1489 et
503 1435 594 1489 omnia
606 1434 723 1503 denique
735 1436 858 1491 membra
902 1451 939 1490 mo

90 1515 155 1565 ante
172 1511 255 1575 fuere,
273 1515 304 1564 ut
322 1511 424 1579 opinor,
443 1527 537 1565 eorum
557 1526 638 1580 quam
657 1512 728 1564 foret
746 1527 818 1565 usus.

90 1586 163 1641 hand
176 1587 264 1654 igitur
280 1589 394 1654 potuero
411 1586 507 1640 utendi
526 1603 650 1641 crescere
667 1603 753 1642 causa.

91 1667 121 1718 at
138 1659 233 1717 contra
251 1663 373 1717 conferre
390 1680 472 1716 manu
491 1664 641 1730 cortamina
658 1680 764 1732 pugnae

91 1743 120 1794 ct
137 1740 255 1792 lacerare
272 1743 347 1792 artus
365 1739 528 1807 foedareque
545 1739 669 1793 membra
686 1757 781 1796 cruore

92 1819 156 1869 unte
173 1816 225 1868 suit
243 1816 328 1868 multo
346 1832 427 1883 quam
445 1815 535 1869 lucida
552 1815 609 1869 tela
626 1816 756 1884 volarent,
902 1831 939 1870 sn

92 1895 122 1946 ct
138 1887 232 1945 volnus
250 1892 336 1944 vitano
354 1892 429 1959 prius
448 1894 547 1945 natura
564 1891 654 1957 coegit

92 1985 173 2036 quam
191 1968 272 2022 daret
289 1967 425 2020 obiectum
443 1967 547 2034 parmai
564 1966 642 2019 laeva
658 1981 708 2033 per
725 1969 820 2021 ortem.

92 2043 240 2097 scilicet-ct
257 2044 357 2096 sessum
375 2058 474 2110 corpus
492 2040 623 2094 mundare
640 2041 727 2108 quieti

91 2120 176 2172 ranalto
194 2117 331 2186 antiquius
349 2121 392 2170 est
410 2133 491 2183 quam
508 2115 572 2169 lecti
590 2116 682 2168 mollia
699 2119 794 2182 strata,

91 2199 120 2248 ot
137 2193 234 2247 sedare
252 2193 325 2246 sitim
343 2192 419 2260 prius
436 2196 480 2244 cst
497 2207 579 2260 quam
596 2191 692 2259 pocula
710 2195 810 2246 natmn.
903 2208 939 2247 coo

91 2271 157 2322 haec
174 2270 259 2335 igitur
276 2270 389 2334 possunt
406 2266 502 2320 utendi
520 2265 629 2333 cognita
646 2282 727 2319 causa
758 2295 761 2298 ·

91 2345 204 2410 crudior,
221 2361 255 2398 ex
273 2360 325 2396 usu
342 2360 412 2410 quac
430 2345 494 2396 sunt
511 2342 622 2410 vitaque
639 2347 756 2410 repelta.

91 2422 137 2473 illa
155 2420 265 2488 quidem
283 2436 404 2473 seorsum
423 2424 486 2473 sunt
503 2418 593 2472 omnia
610 2435 679 2488 quac
696 2419 772 2487 prius
790 2418 849 2490 ipsa

91 2500 155 2550 nata
173 2496 275 2550 dedere
293 2513 357 2550 suae
374 2499 437 2566 post
455 2495 579 2550 notitiam
597 2494 731 2550 utilitatis.
799 2507 802 2512 ’

90 2589 143 2639 quo
160 2590 260 2639 genere
278 2575 304 2626 in
324 2573 418 2642 primis
437 2589 531 2626 sensns
549 2575 578 2625 et
595 2572 719 2625 membra
736 2571 874 2636 videmus;
903 2586 939 2623 ss

90 2665 174 2717 quaro
187 2649 270 2701 etiam
283 2653 364 2715 atquo
379 2650 462 2702 etiam
474 2647 569 2716 procul
581 2651 624 2701 est
636 2650 669 2700 ut
680 2647 794 2701 credere
805 2647 893 2714 possis

90 2725 217 2778 utilitatis
235 2723 270 2776 ob
288 2724 403 2777 officium
420 2725 541 2799 potuisse
560 2721 666 2790 creari]

125 2800 211 2870 [Illud
229 2800 296 2853 item
314 2815 368 2851 non
386 2804 429 2852 est
445 2798 608 2863 mirandum,
627 2798 748 2866 corporis
766 2797 826 2864 ipsa

91 2877 165 2945 quod
182 2880 281 2929 natura
298 2874 388 2928 cibum
406 2875 513 2943 quaerit
530 2873 660 2940 cuiusque
678 2871 829 2924 animantis.

90 2954 190 3021 quippe
201 2953 302 3006 etenim
315 2950 399 3004 fluere
411 2954 494 3021 atque
506 2949 636 3003 recodere
648 2963 761 3015 corpora
772 2948 854 3005 rebus
903 2965 939 3003 eoo

90 3029 177 3082 multa
193 3028 282 3081 modis
299 3026 393 3081 multis
411 3027 497 3094 docui,
515 3025 565 3079 sed
582 3024 703 3095 plurimu.
717 3023 828 3078 osseus

87 3121 123 3157 os
139 3103 302 3159 animalibu’.
320 3121 394 3173 quac
413 3105 479 3176 (puis.
497 3106 566 3160 suut
582 3098 716 3156 exercita
726 3098 825 3154 motu„

76 3179 221 3249 multaquo
237 3200 293 3253 Ρθῐ
312 3184 453 3242 sudorem
473 3203 514 3241 cu
530 3183 595 3240 aas
609 3190 723 3252 presso.
735 3167 894 3224 rumonus,
931 3168 955 3231 1
