2040 3426
524 45 542 102 I
920 51 957 108 13

109 145 218 215 quando
229 161 262 201 ea
271 146 359 200 saecla
367 145 514 216 hominnm,
522 163 639 217 quorum
648 149 716 204 haec
725 153 824 206 eventa
831 151 950 221 suerunt,

108 221 298 278 inrevocabilis
314 222 462 277 abstulerit
477 223 533 276 iam
549 225 700 292 praeterita
716 229 800 280 aetas.

27 347 30 354 .
107 316 225 369 namquo
242 299 311 354 aliut
329 298 448 366 Teucris,
466 298 535 353 aliut
552 299 709 367 regionibus
726 302 793 371 ipsis

107 379 234 430 eventum
252 375 307 428 dici
324 374 426 442 poterit
444 373 635 443 quodcumque
652 377 705 432 erit
722 381 820 432 actum.
846 438 854 449 ,
919 395 956 436 ao

11 495 15 503 .
106 451 225 520 denique
243 450 371 505 materies
388 449 412 504 si
429 466 522 504 rerum
538 451 612 504 nulla
629 451 725 507 brissei

105 545 155 582 ncc
173 529 248 582 locus
265 543 297 580 ae
314 525 439 595 spatium,
458 543 503 581 res
519 526 547 580 in
565 543 621 596 quo
638 544 763 597 quaeque
779 533 920 598 geruntur,

105 621 254 674 numquam
272 601 435 672 Tyndaridis
452 603 556 656 formae
574 603 706 657 conflatus
724 621 816 660 amore

103 681 183 749 ignis,
200 678 354 733 Alexandri
373 677 492 746 Phrygio
509 677 560 732 snb
578 682 690 746 pectore
706 679 830 748 gliscens,

104 758 177 811 clara
194 755 364 811 accendisset
381 754 453 808 saevi
472 754 621 808 certamina
638 754 710 821 belli,
918 772 955 813 ors

105 850 155 888 nee
171 833 241 887 clam
259 831 390 884 durateus
408 828 529 883 Troianis
547 829 683 898 Pergama
700 835 782 900 partu

103 909 298 968 inflammasset
316 922 401 975 equos
417 907 551 959 nocturno
569 906 801 974 Graiugenarum3

104 985 256 1054 perspicere
274 985 305 1037 ut
322 981 409 1051 possis
426 997 471 1035 res
487 985 579 1049 gestas
595 982 720 1038 funditus
737 985 825 1039 omnis

103 1077 155 1114 non
172 1061 213 1115 ita
229 1060 271 1113 uti
287 1075 386 1127 corpus
402 1074 453 1126 per
470 1073 500 1111 se
518 1061 643 1112 constare
660 1075 749 1128 neque
767 1076 835 1127 csso,

101 1152 151 1190 nec
168 1135 274 1189 ratione
292 1135 383 1187 cluere
400 1133 496 1186 eadem
514 1149 569 1202 qua
586 1137 694 1188 constet
711 1136 799 1202 inane,
915 1149 952 1190 too

101 1210 152 1264 scd
169 1211 257 1278 magis
273 1213 306 1263 ut
323 1208 422 1262 merito
439 1208 526 1275 possis
544 1211 642 1262 eventa
658 1225 754 1263 vocare

100 1286 221 1355 corporis
238 1289 322 1353 atque
338 1283 398 1351 loci,
415 1299 461 1336 res
478 1283 506 1334 in
524 1299 577 1351 quo
595 1298 719 1350 quaeque
736 1289 834 1351 gerant
867 1328 874 1341 .

136 1363 256 1430 Corpora
273 1362 338 1414 sunt
354 1375 435 1428 porro
452 1358 554 1427 partim
571 1358 719 1426 primordia
737 1376 836 1429 rerum,

99 1439 199 1508 partim
217 1436 329 1492 concilio
347 1451 417 1504 quae
433 1437 559 1489 constant
576 1434 776 1503 principiorum.
956 1487 960 1495 ,

99 1515 149 1569 sod
166 1530 237 1584 quae
254 1515 319 1567 sunt
335 1527 428 1566 rerum
445 1510 602 1579 primordia,
619 1511 694 1564 nulla
710 1516 804 1581 potest
820 1513 862 1567 vis
914 1527 950 1568 48⁵

98 1591 252 1660 stinguere;
269 1605 332 1642 nam
350 1587 436 1642 solido
454 1586 565 1642 vincrmt
582 1603 615 1641 ea
632 1603 745 1656 corporo
763 1589 880 1644 demum.

99 1666 151 1720 etsi
168 1665 278 1720 difficile
295 1680 355 1719 osse
373 1663 483 1717 videtur
500 1662 614 1717 credere
631 1663 775 1732 quicquam

97 1742 126 1795 in
143 1742 225 1796 rebus
243 1740 328 1795 solido
346 1738 462 1808 reperiri
480 1754 595 1807 corporo
611 1755 699 1808 posse.

97 1818 196 1873 transit
213 1817 285 1872 enim
302 1815 406 1869 fulmen
423 1815 492 1870 caeli
507 1831 558 1884 per
576 1819 672 1883 saepta
690 1816 840 1884 domorum,

97 1893 198 1947 clamor
214 1896 247 1946 ut
264 1908 295 1945 ac
313 1908 408 1956 voces;
424 1892 527 1946 ferrum
545 1891 684 1946 candescit
701 1892 730 1944 in
747 1892 803 1960 igni
913 1909 949 1948 seo

98 1968 289 2037 dissiliuntque
306 1968 365 2020 fero
382 1967 516 2020 ferventia
533 1982 600 2020 saxa
617 1981 732 2034 vapore;

98 2049 157 2098 tum
174 2042 354 2097 labefactatus
372 2041 447 2108 rigor
463 2041 522 2093 auri
540 2040 654 2094 solvitur
671 2046 763 2109 aestu3

99 2125 158 2173 tum
175 2117 275 2186 glacies
292 2117 362 2171 acris
380 2116 488 2169 flamma
506 2115 615 2168 devicta
631 2115 773 2184 liquescit;

99 2196 239 2261 permanat
256 2192 330 2245 calor
346 2174 490 2257 argenbrm
507 2189 703 2258 penetraleque
720 2191 813 2258 frigus,

99 2268 207 2336 quamdo
224 2269 372 2336 utrumque
388 2281 471 2318 manu
491 2264 642 2318 retinentes
659 2266 756 2333 pocula
774 2267 828 2321 rite
911 2286 948 2324 ros

98 2343 231 2397 sensimus
248 2341 337 2396 infuso
354 2340 526 2411 lympharum
544 2356 607 2394 rore
624 2357 746 2409 superne.

98 2435 184 2488 usque
202 2418 271 2472 adeo
288 2418 317 2471 in
333 2417 416 2472 rebus
434 2416 514 2471 solidi
530 2417 569 2470 nil
586 2433 646 2471 esse
663 2417 780 2473 ridetur.

97 2496 146 2550 sod
163 2496 229 2565 quia
246 2512 311 2548 vcra
327 2498 419 2548 tamen
437 2495 508 2549 ratio
526 2498 678 2562 naturaque
695 2511 787 2549 rerum

97 2571 177 2640 cogit,
195 2571 269 2638 ades,
287 2572 380 2639 paucis
398 2571 464 2624 dum
482 2570 607 2624 versibus
625 2571 802 2638 expediamus

97 2664 157 2702 esse
174 2663 208 2702 ca
225 2663 295 2716 qnae
309 2646 394 2699 solido
408 2650 493 2716 atque
507 2651 620 2701 aeterno
634 2661 748 2714 corpore
762 2650 895 2715 constent,
906 2663 944 2702 too

96 2723 200 2778 semina
216 2738 287 2790 quae
304 2737 396 2775 rerum
413 2722 618 2791 primordiaque
635 2739 696 2776 esse
713 2723 850 2789 doocmns,

96 2799 169 2854 unde
186 2798 273 2853 omnis
290 2814 381 2851 rerum
399 2814 470 2851 nunc
487 2801 595 2851 constet
612 2813 717 2851 summa
733 2800 832 2850 creata

131 2873 266 2943 Prinoipio
284 2872 412 2942 quoniam
431 2872 532 2942 duplex
550 2876 649 2927 natura
667 2871 782 2926 duarum

96 2950 233 3006 dissimilis
250 2966 342 3004 rerum
359 2949 440 3016 longe
457 2951 582 3002 constare
599 2951 744 3017 repertast,

95 3027 215 3096 carparis
232 3028 316 3094 atque
332 3016 393 3092 lobi,
411 3025 502 3079 resin
520 3041 574 3093 quo
592 3041 716 3094 quaeque
730 3027 870 3094 geruntur,
905 3040 942 3080 toa

96 3119 156 3156 csso
172 3104 317 3170 utramque
335 3101 386 3155 sibi
404 3118 454 3172 per
472 3117 679 3193 soporemque
691 3103 851 3153 neeessest.
