2040 3426
97 122 136 176 48
512 121 547 176 l'.

101 239 215 292 pascere
232 228 357 278 naturam
374 241 425 294 per
441 228 530 279 temus
548 223 750 295 omniparentis.

80 317 217 379 quorum
235 301 273 354 nil
291 301 351 355 lieri
367 302 541 356 manifestum
559 307 609 371 est,
627 303 718 357 omnia
735 305 845 372 quando

80 348 249 433 seminibus
265 380 325 432 cert
326 377 349 430 is
366 381 442 432 certe
458 378 597 446 genetrice
615 383 708 432 creata

102 470 262 513 conservare
279 471 365 522 genus
383 455 534 507 crescentia
551 471 631 523 posse
649 456 778 508 videmus

101 529 206 584 scilicet
222 529 252 583 id
269 534 345 585 certa
362 529 423 584 ficri
441 530 548 584 ratione
566 536 713 584 necessust.
916 546 958 587 ruo

100 621 164 658 nam
181 622 231 660 sua
248 606 347 675 cuique
366 605 433 660 cibis
452 604 485 659 'cx
501 605 630 659 omnibus
647 607 722 660 intus
740 607 767 660 in
786 613 863 662 artus

100 697 215 751 corpora
233 681 379 736 discedunt
396 699 552 750 conexaque
571 682 755 737 convenientis

100 757 220 813 efficiunt
238 761 336 813 motus.
354 761 383 812 at
402 761 498 812 contra
516 758 603 812 aliena
620 758 745 812 videmus

99 833 203 889 reicere
221 834 249 888 in
266 838 356 889 terras
372 838 506 903 naturam,
523 834 663 901 multaque
680 835 768 888 caecis

98 910 258 980 corporibus
275 911 383 979 fugiunt
400 927 416 964 e
434 927 547 979 corpore
564 911 671 979 percita
687 911 783 979 plagis,
915 925 954 967 ⁷15

97 1002 167 1053 quac
184 1003 273 1053 neque
290 985 394 1040 conecti
413 1003 547 1054 quoquam
564 989 680 1054 potuere
697 1003 786 1055 noque
803 986 877 1040 intus

97 1062 186 1115 vitalis
204 1065 295 1116 motus
312 1063 465 1116 consentire
482 1065 565 1129 atque
582 1061 689 1114 imitari.

97 1137 146 1189 sed
163 1154 198 1191 ne
216 1137 288 1192 forto
305 1141 387 1207 putes
404 1137 530 1192 animalia
547 1138 604 1191 sola
621 1138 708 1192 teneri

95 1212 202 1281 legibus
220 1214 303 1283 hisce,
321 1231 354 1268 ea
371 1231 416 1268 res
433 1214 505 1268 ratio
525 1214 699 1268 disterminat
717 1216 826 1268 omnis'
880 1273 884 1279 ¹

95 1306 157 1342 nam
175 1290 260 1345 voluti
278 1293 338 1345 tota
354 1295 454 1344 natura
472 1291 617 1344 dissimiles
634 1295 698 1345 srmt
910 1306 951 1346 rso

95 1365 169 1421 inter
186 1384 216 1421 se
233 1368 343 1436 genitae
361 1385 406 1422 res
424 1384 582 1456 quaequau
570 1366 613 1420 ita
630 1384 764 1436 quamque
781 1372 920 1422 necessest

94 1441 220 1497 dissimili
237 1449 361 1499 constare
381 1445 468 1511 ligura
486 1443 699 1512 principiorum

94 1535 147 1572 uon
165 1537 218 1587 quo
237 1521 328 1574 multa
341 1536 437 1588 parum
456 1519 535 1572 simili
555 1520 609 1572 sint
627 1502 753 1587 praedita
770 1521 863 1586 forma,

93 1593 143 1647 scd
160 1596 293 1664 quianon
311 1594 390 1662 volgo
408 1595 484 1663 pan'a
502 1594 625 1646 omnibus
642 1596 732 1649 omnia
749 1599 880 1650 constent.

92 1671 274 1724 seminecum
291 1684 372 1738 porro
390 1670 501 1737 distent,
521 1669 632 1723 differre
649 1675 789 1726 necessust
905 1687 945 1726 aas

91 1744 234 1799 intervalla
250 1746 308 1798 vias
325 1760 442 1798 conexus
459 1745 582 1814 pondera
599 1746 698 1813 plagas

92 1837 236 1875 concursus
254 1824 351 1888 motus,
370 1837 441 1889 quae
458 1837 512 1874 non
530 1821 654 1875 animalia
672 1823 756 1876 solum

90 1909 206 1964 corpora
223 1898 374 1965 seiungunt,
391 1897 440 1950 scd
458 1899 547 1951 terras
565 1913 596 1950 ac
614 1913 690 1951 mare
707 1901 796 1951 totum

90 1976 235 2026 secernunt
252 1974 409 2042 caelumque
427 1989 443 2026 a
460 1973 542 2026 terris
560 1989 639 2026 omne
656 1978 803 2028 retentant,

124 2049 204 2103 Nunc
222 2066 273 2117 age
291 2049 364 2104 diota
381 2065 442 2103 meo
460 2049 533 2102 dulci
551 2050 674 2117 quaesita
692 2050 784 2104 laboro
904 2066 943 2106 eso

88 2125 208 2194 percipe,
224 2143 260 2180 ne
276 2127 347 2180 forte
364 2127 431 2179 haec
449 2125 517 2179 albis
535 2142 569 2180 cx
586 2125 648 2178 alba
665 2127 750 2178 rearis

87 2201 228 2270 principiis
245 2219 311 2267 esso,
329 2206 393 2255 anto
411 2201 501 2255 oculos
518 2217 589 2270 quac
606 2201 722 2255 candida
739 2204 834 2268 cernis,

87 2281 135 2330 aut
153 2294 270 2345 caunac
287 2279 397 2344 nigrant
413 2277 490 2345 nigro
509 2277 544 2330 de
563 2279 664 2331 somine
681 2282 760 2343 nata3

86 2353 148 2405 nivo
165 2353 247 2405 alium
265 2354 387 2420 quemvis
404 2369 474 2419 quae
492 2355 555 2406 sunt
572 2353 668 2407 inbuta
685 2354 809 2420 colorem,

86 2431 233 2497 propterea
249 2445 346 2494 gerere
363 2429 434 2479 hunc
452 2428 555 2495 credas,
573 2429 646 2495 quod
664 2431 786 2483 materiai
901 2443 938 2484 aaa

87 2519 199 2571 corpora
216 2503 347 2555 consimili
365 2503 419 2554 sint
436 2502 494 2554 eins
511 2503 598 2555 tincta
615 2505 710 2558 colom.

85 2580 174 2632 millus
192 2579 263 2632 enim
281 2577 354 2630 color
371 2579 414 2630 est
432 2578 539 2630 omnino
558 2581 680 2633 materiai

85 2655 248 2725 corporibus,
264 2669 354 2721 nequo
371 2652 519 2721 partebus
536 2670 624 2722 neque
642 2656 759 2725 denique
776 2658 877 2728 dispar.

83 2733 111 2786 in
129 2750 198 2801 quae
216 2747 330 2800 corpora
347 2731 369 2782 si
386 2728 476 2781 nullus
492 2729 542 2782 tibi
560 2730 631 2784 forto
648 2733 756 2787 videtur

83 2823 164 2873 posse
182 2808 264 2861 aninui
282 2807 397 2860 iniectus
414 2805 480 2871 fieri,
498 2807 592 2875 procul
612 2809 687 2862 avius
706 2827 788 2864 erras.
897 2825 934 2866 tm

83 2899 145 2936 nam
163 2901 224 2936 cum
242 2883 385 2951 caecigeni,
403 2882 465 2936 solis
482 2884 529 2951 qui
546 2883 648 2937 lumina
665 2903 810 2955 numquam

84 2958 235 3026 disponere,
253 2962 345 3012 tamen
363 2962 526 3026 cognoscant
543 2976 657 3029 corpora
674 2966 756 3030 tactu,

25 3033 360 3089 ⁷usc1'rol1'cetnostrae
378 3051 488 3106 quoque
504 3037 593 3091 menti
610 3053 725 3106 corpora
737 3056 820 3107 posse

57 3107 134 3159 romi
145 3107 178 3159 1'n
196 3109 331 3165 notitiam
352 3113 431 3168 nullo
450 3109 558 3170 circum
572 3113 629 3167 lita
642 3113 718 3166 luco.

35 3173 168 3248 dffll'qvo
185 3187 320 3258 nosipsi
341 3191 439 3245 caecis
459 3205 662 3260 quaecumque
679 3186 812 3241 telonus
928 3196 973 3232 ιιι
