2040 3426
478 119 551 176 IIII
902 121 940 178 89

90 237 178 291 queve
194 221 276 274 modo
294 220 427 275 distracta
444 221 550 276 rediret
567 223 595 276 in
613 222 690 277 ordia
708 224 803 292 prima,

89 290 160 352 nunc
178 313 260 365 agere
277 296 405 366 incipiam
422 298 481 365 tibi,
500 297 574 366 quod
592 302 733 355 vementer
750 300 787 353 ad
804 299 853 354 has
870 316 917 354 res

90 374 198 441 attinet,
217 389 278 427 esse
295 389 329 426 ea
346 390 416 440 quae
434 390 526 428 rerum
544 373 688 429 simulacra
705 391 851 441 recemum
917 390 943 430 ae

90 448 167 519 quae,
185 449 262 518 quasi
279 449 455 527 membranae
473 466 579 504 summo
597 450 633 504 de
651 466 765 520 corporo
781 469 873 504 rerum

91 524 231 593 dereptae,
249 525 365 586 volitant
382 525 510 594 ultroque
529 526 654 595 citroque
671 543 822 596 perduras,

90 603 173 670 atque
191 601 288 654 cadem
304 599 383 674 nobis
400 601 576 670 vigilantibus
594 601 674 655 obvia
691 606 798 656 mentes

90 677 243 731 terrificant
261 679 344 746 atque
361 676 390 730 in
408 676 514 744 somnis,
533 694 595 731 eum
614 694 697 746 saepe
714 677 816 744 figuras

90 753 244 807 contuimur
262 753 345 807 miras
364 753 561 822 simulacraque
578 753 638 808 luee
656 756 806 818 carentum,
842 770 845 774 ’
919 767 943 805 as

90 845 160 898 quae
178 844 227 882 uos
243 828 370 900 horrifice
386 828 541 897 languentis
558 846 640 899 saepe
657 845 755 898 sopore

90 905 240 979 excierunt,
257 921 293 960 ne
310 905 382 960 forto
401 906 503 960 animas
521 907 682 961 Acherunte
699 921 810 960 reamur

70 981 212 1049 ·effugere
229 985 278 1036 aut
296 983 407 1036 umbras
424 983 496 1037 inter
514 984 588 1038 vivos
605 983 720 1038 volitare

91 1073 159 1111 nere
176 1057 279 1126 aliquid
296 1058 383 1126 nostri
400 1062 464 1129 pest
482 1062 598 1114 mortem
616 1075 697 1129 pesse
714 1055 839 1126 relinqui,

91 1148 154 1187 eum
171 1129 269 1204 cerpus
285 1130 367 1188 simul
386 1141 468 1204 atque
486 1135 569 1189 animi
586 1140 685 1190 natura
701 1135 846 1204 perempta
916 1145 943 1183 ae

91 1209 120 1262 in
137 1225 186 1263 sua
203 1210 352 1264 discessum
371 1211 498 1266 dederint
515 1212 666 1281 primordia
683 1224 814 1278 quaeque.

126 1285 195 1339 Dico
213 1285 296 1354 igitur
315 1302 407 1340 rerum
425 1286 528 1355 effigias
545 1287 690 1355 tenuisque
707 1285 810 1352 figuras

45 1376 46 1382 ¹
91 1361 197 1416 mittier
215 1360 250 1416 ab
267 1362 349 1416 rebus
367 1379 472 1416 summo
490 1361 525 1417 de
543 1379 657 1432 corpore
674 1377 774 1427 rerum,

57 1455 79 1488 ⁴⁵
91 1460 135 1493 SED
146 1460 257 1500 Quorum
267 1461 340 1493 noem
351 1440 500 1504 corcram
510 1461 618 1494 axonam
628 1460 713 1493 RERUM

91 1531 180 1570 eunus
191 1532 245 1564 einr
255 1531 364 1570 rer-QUAM
375 1531 457 1576 vanus
467 1530 594 1563 nlsranm
604 1530 693 1563 Fortius

91 1578 180 1634 emolire
190 1602 237 1635 8οΛ
247 1602 362 1636 vostram·
372 1602 481 1635 strenue
492 1602 591 1635 Praetu
601 1601 668 1636 now
728 1592 731 1600 ¹

91 1655 264 1710 encausticae
275 1673 352 1706 Possm
363 1673 406 1706 nus
416 1674 448 1707 EX
459 1674 497 1707 nis
508 1675 622 1714 Quinque
634 1675 724 1708 citream

91 1745 159 1779 NUNC
168 1746 248 1779 AGERE
258 1746 370 1779 1n'011’1AM
379 1746 429 1779 TIBl
439 1747 504 1786 Quor>
514 1747 678 1781 vanissimus
687 1750 721 1782 AD
732 1750 780 1784 llas
789 1751 833 1784 arri

57 1814 80 1848 ⁸⁰
92 1817 193 1850 mim
202 1817 256 1850 lissa
266 1818 298 1851 ΕΛ
308 1818 373 1856 Quas
384 1818 468 1851 RERUM
479 1816 619 1851 simonaciae
629 1818 742 1854 VOCAMUS

92 1897 162 1948 quae
180 1879 256 1948 quasi
273 1880 447 1934 membranae
464 1879 507 1933 vel
526 1883 621 1934 cortex
638 1881 859 1951 nominitandast,
918 1902 943 1940 so

92 1956 166 2024 quod
184 1956 303 2025 speeiem
320 1972 352 2008 ac
369 1956 483 2008 formam
501 1956 617 2009 similem
634 1957 706 2024 gerit
723 1958 782 2011 eius
799 1958 888 2028 imago

93 2032 285 2098 cuiuscumque
302 2030 375 2084 cluet
393 2030 429 2083 de
446 2047 560 2099 corpere
578 2031 638 2084 fusa
654 2033 756 2100 vagari.

58 2123 80 2156 a
92 2108 122 2163 id
139 2107 204 2161 licet
221 2106 284 2159 hine
301 2107 425 2174 quamvis
443 2105 536 2159 hebeti
555 2104 718 2174 cognoscere
736 2107 825 2163 corde.

57 2198 80 2232 u
91 2183 227 2254 principio
245 2182 371 2250 quoniam
389 2180 503 2234 mittunt
521 2181 550 2234 in
567 2181 650 2236 rebus
667 2183 769 2251 apertis

92 2275 208 2328 corpora
225 2274 270 2312 res
286 2257 396 2325 multae,
413 2255 514 2325 partim
533 2257 630 2310 diffusa
647 2258 742 2326 solute,
827 2321 830 2324 Α
919 2275 944 2314 ss

91 2335 193 2391 robora
210 2350 262 2387 ceu
278 2331 382 2385 fumum
400 2331 515 2386 mittunt
533 2333 663 2401 ignesque
680 2349 817 2402 rariorem,

92 2416 122 2467 et
139 2410 241 2480 partim
259 2411 389 2463 contexta
406 2408 493 2477 magis
511 2408 707 2478 condensaque,
725 2410 757 2463 ut
774 2409 839 2463 elim

92 2505 155 2543 cum
173 2486 271 2541 teretis
287 2488 393 2555 ponunt
410 2486 516 2539 tunicas
534 2488 640 2540 aestate
658 2485 774 2555 cicadae,

92 2568 123 2619 et
139 2563 219 2618 vituli
236 2579 298 2618 cum
316 2562 488 2615 membranas
506 2561 542 2616 de
560 2578 672 2631 corporo
689 2579 795 2617 summo

92 2642 235 2694 nascentes
252 2639 374 2705 mittunt,
392 2641 421 2691 et
439 2637 507 2690 item
524 2653 586 2690 cum
603 2638 706 2692 lubrica
723 2654 837 2708 sermons
916 2655 943 2694 oo

93 2716 170 2770 exsut
187 2715 215 2769 in
234 2713 318 2783 spinis
336 2716 439 2766 vestem
448 2733 455 2778 ;
472 2728 535 2766 nam
555 2729 637 2780 saepe
654 2712 779 2768 videmus

93 2792 200 2847 illorum
219 2790 312 2861 spoliis
330 2803 427 2856 vepres
445 2787 622 2842 volitantibus
638 2793 740 2843 auctas.

86 2879 163 2937 'quae
181 2867 307 2936 quoniam
327 2865 403 2929 fiunt,
421 2863 511 2916 tenuis
529 2876 636 2931 quoque
654 2863 738 2918 debet
754 2864 846 2929 imago

93 2943 128 2996 ab
146 2944 228 2997 rebus
247 2942 318 2996 mitti
338 2955 443 2993 summo
461 2937 496 2991 de
514 2954 628 3009 corpore
646 2937 745 2992 rerum.

93 3035 156 3072 nam
175 3036 224 3073 cur
240 3019 288 3071 iila
305 3015 406 3070 cadant
424 3014 511 3083 magis
528 3014 564 3070 ab
580 3014 719 3084 rebusque
733 3013 875 3068 resedam
927 3029 960 3060 ss

93 3110 174 3162 quam
193 3110 263 3162 quae
282 3091 375 3148 tenvia
394 3095 469 3165 sunt,
484 3091 645 3149 hiscendist
658 3089 744 3144 nuilla
756 3086 918 3153 semestres,

79 3170 247 3236 praesertim
265 3187 331 3228 eum
350 3172 462 3231 sintin
481 3171 607 3230 summis
626 3181 756 3238 cursore
769 3157 874 3212 rem
