2040 3426
348 385 376 440 Τ.
395 386 560 442 LUcanrl
581 387 675 443 canl

193 555 269 629 DE
308 554 528 630 RERUM
567 554 608 629 N
614 556 834 631 ATURA.

332 743 459 792 LIBER
482 743 701 802 QUARTUS..

454 922 556 954 -φ-

84 1077 170 1148 [Avia
188 1079 328 1133 Pieridum
345 1097 462 1150 peragro
479 1080 539 1135 loca
556 1080 655 1134 nullius
673 1084 739 1136 anto

84 1156 152 1210 trita
169 1156 233 1210 solo.
250 1155 326 1211 iuvat
342 1157 464 1224 integros
482 1156 613 1210 accedero
631 1157 714 1211 fontis

84 1234 169 1301 atque
184 1231 301 1298 haurire,
319 1232 447 1301 iuratque
465 1229 550 1286 novos
567 1232 715 1303 decerpere
733 1233 815 1288 flores

84 1308 272 1378 insignemque
290 1325 351 1363 meo
369 1309 452 1378 capiti
471 1310 569 1378 petere
584 1308 649 1363 inde
667 1326 792 1363 eoronam

84 1385 158 1439 undo
176 1387 252 1455 prius
269 1385 336 1439 nulii
353 1385 470 1439 velarint
487 1389 611 1452 tempora
628 1402 739 1449 musa03

83 1460 203 1530 primurn
221 1461 295 1530 quod
312 1461 418 1528 magnis
436 1460 521 1514 doceo
539 1460 673 1514 derebus
691 1466 719 1515 ot
736 1461 804 1515 artis

82 1535 244 1603 religionum
262 1535 382 1589 animum
399 1535 479 1589 nodis
496 1536 636 1590 exsolvere
653 1554 745 1606 pergo,

84 1610 184 1665 deindo
202 1611 276 1681 quod
294 1611 409 1666 obscura
427 1610 462 1665 de
480 1628 511 1665 re
528 1615 584 1664 tam
604 1612 694 1666 lucida
712 1630 803 1682 pango

84 1687 210 1754 earmina,
228 1703 340 1741 musaeo
357 1687 516 1755 contingens
533 1691 632 1741 cuncta
649 1689 750 1757 lepore.
830 1711 833 1718 ·

82 1762 114 1816 id
130 1779 238 1831 quoque
255 1763 328 1818 enim
345 1779 398 1816 non
416 1764 451 1817 ab
468 1763 542 1818 nialla
559 1758 665 1818 rationo
682 1765 800 1819 videtur.
913 1783 938 1822 ro

82 1855 146 1893 nam
164 1840 250 1895 veluti
268 1839 361 1910 pueris
380 1839 515 1894 absinthia
534 1845 624 1894 taetra
641 1841 784 1895 medentes

83 1931 145 1970 cum
163 1917 230 1972 dare
247 1921 389 1986 conantur,
407 1919 483 1986 prins
501 1934 563 1970 erras
580 1917 677 1985 poeula
694 1917 795 1972 circum

83 1993 245 2062 contingunt
261 1994 351 2048 mellis
368 1994 442 2048 dulci
460 1993 584 2062 flavoque
601 1993 715 2063 liquore,

82 2072 116 2123 ut
132 2086 278 2138 puerorum
297 2075 373 2125 aetas
391 2069 534 2141 inprovida
551 2069 709 2124 ludificetur

82 2142 220 2199 labrorum
238 2150 327 2214 tenus,
347 2147 455 2201 interea
471 2149 601 2217 perpotet
618 2163 741 2200 amarum
759 2163 761 2166 ’
913 2161 937 2201 15

83 2220 201 2274 absinthi
220 2223 329 2276 laticenr
349 2223 522 2292 deceptaque
539 2239 592 2276 non
611 2223 742 2292 capiatur,

83 2296 133 2350 sed
151 2298 243 2365 potius
261 2299 308 2351 tali
328 2303 409 2368 pacto
427 2302 552 2352 recreata
570 2299 696 2364 valescat,

83 2371 121 2425 sie
139 2388 190 2438 ego
208 2389 287 2438 nunc,
305 2375 431 2441 qnoniam
449 2374 517 2427 haec
535 2373 605 2427 ratio
623 2372 785 2443 plerumque
802 2375 913 2430 videtur

82 2446 190 2501 tristior
207 2463 267 2500 esse
285 2449 383 2514 quibus
401 2466 454 2501 non
473 2453 516 2502 cst
534 2451 661 2516 tractata,
679 2452 809 2519 retroque

82 2522 180 2591 volgus
198 2522 327 2576 abhorret
344 2523 379 2576 ab
397 2524 455 2590 hac,
473 2522 546 2576 volui
563 2524 614 2577 tibi
634 2526 832 2595 suaviloquenti
911 2542 937 2583 ao

82 2599 202 2654 cannino
222 2599 312 2653 Pierio
329 2600 463 2653 rationem
480 2615 618 2668 exponere
635 2604 755 2654 nostram

83 2679 113 2732 et
131 2674 209 2746 quasi
227 2692 338 2730 musaeo
356 2675 429 2731 dulci
446 2675 606 2743 contingere
624 2677 712 2746 melle,

83 2754 106 2806 si
123 2754 173 2808 tibi
191 2754 263 2809 forto
281 2753 400 2808 animum
418 2752 466 2808 tali
484 2751 591 2807 ratione
608 2756 704 2808 tenero

82 2829 206 2882 versibus
223 2831 251 2881 in
268 2831 371 2883 nostris
387 2845 504 2899 possem,
522 2828 588 2882 darn
606 2831 725 2901 percipis
742 2847 849 2885 ornnem

72 2904 204 2954 naturane
222 2919 315 2957 rerum
334 2921 366 2959 ac
383 2905 521 2975 persentis
538 2905 705 2976 utilitatem]
911 2924 935 2962 ro

95 2974 200 3039 Atque
216 2979 307 3032 animi
324 2983 457 3051 quonian]
477 2982 560 3039 docui
577 2987 680 3038 natura
696 2982 765 3051 naxia
781 2988 859 3035 osset

38 3040 75 3089 ⁰5
91 3045 201 3108 naribos
219 3069 238 3103 o
259 3055 349 3112 robus
369 3078 434 3117 cunr
456 3079 578 3135 corporo
599 3064 716 3131 compta
730 3057 845 3124 rigarat
