2040 3426
506 49 579 106 1111
703 84 705 88 ι
744 117 752 123 ,
929 61 967 116 05

108 152 254 220 praeterea
271 150 390 220 lapidem
408 150 496 219 digito
514 167 576 206 eum
593 152 741 223 tundimus,
760 156 849 224 ipsum
933 175 969 213 aas

108 226 248 295 tangimus
265 232 426 282 extremum·
438 227 497 282 saxi
514 243 703 297 summumque
721 231 847 300 colorem,

107 319 159 357 nee
177 303 308 357 sentimus
326 320 389 358 eum
407 307 493 370 tactu,
509 319 605 357 verum
622 306 709 372 magis
727 306 815 375 ipsam

108 379 240 433 duritiem
258 381 368 449 penitus
386 379 445 433 saxi
463 379 594 432 sentimus
613 381 640 432 in
659 381 722 435 alto.

143 455 170 508 N
172 472 223 509 une
241 473 300 523 age,
319 473 367 510 cur
384 456 458 508 ultra
476 455 616 524 speculum
635 456 763 512 uideatur
779 461 870 530 imago

106 532 313 605 percipeqnam
331 535 407 585 certe
425 531 534 600 penitus
553 535 658 586 semota
675 532 791 589 videtur.
930 553 966 592 :oo

106 607 182 676 quod
199 624 286 674 genus
303 607 351 683 illa
368 608 434 661 soris
452 625 522 677 quae
540 623 604 661 vere
621 609 847 678 transpieiuutur‚

106 684 188 737 ianua
206 701 267 737 cum
285 700 336 753 per
354 700 384 738 se
402 687 587 752 transpectum
606 683 721 752 praebet
739 690 873 756 apertum,

106 759 195 814 multa
212 759 333 829 facitque
350 759 417 814 foris
435 776 469 813 ex
488 759 602 813 aedibus
619 762 652 814 ut
669 761 824 828 uideantur.

106 835 131 889 is
149 851 257 904 quoque
275 836 348 890 euim
367 835 467 904 duplici
485 835 647 904 geminoque
665 837 697 891 fit
714 855 779 892 aere
797 839 877 893 visus.

106 911 211 980 primus
229 911 301 965 enim
319 912 389 984 eitra
406 916 500 982 postes
518 916 578 966 tum
596 913 717 968 cernitur
733 931 789 982 aer,
928 932 965 970 275

106 986 172 1040 iude
189 987 269 1048 fores
280 987 356 1056 ipsae
374 988 473 1043 dextro
491 988 622 1057 laevaque
641 994 778 1056 socuntm,

106 1066 170 1132 post
188 1063 309 1117 extraria
325 1063 375 1136 lux!
390 1064 482 1118 oculos
499 1067 642 1132 perterget
660 1070 689 1120 et
707 1083 755 1120 aer

106 1138 177 1192 alter
195 1143 223 1192 et
240 1138 287 1193 illa
304 1139 371 1192 foris
389 1156 459 1209 quae
478 1156 541 1192 vere
560 1141 780 1209 transpieiuutur.

105 1213 208 1268 sicubi
227 1231 256 1268 se
274 1215 392 1283 primunr
411 1215 513 1283 speculi
530 1216 645 1284 proiecit
662 1217 760 1285 imago,

105 1290 171 1344 dum
189 1291 264 1344 venit
283 1290 320 1343 od
336 1295 443 1344 nostras
461 1290 539 1358 acies,
556 1291 697 1358 protrudit
714 1294 826 1360 agitque
926 1310 964 1349 nso

105 1383 170 1420 uera
188 1366 235 1434 qui
252 1366 325 1420 inter
343 1382 372 1418 so
390 1369 534 1433 cumquest
551 1365 697 1434 oculosque
715 1368 828 1434 locatus,

106 1446 136 1497 et
153 1442 219 1496 facit
236 1445 269 1496 ut
285 1442 362 1512 prius
380 1441 452 1495 hune
469 1459 578 1496 omnem
588 1441 699 1496 'sentire
718 1460 848 1512 queamus

107 1535 189 1587 quam
198 1518 343 1587 speculum.
352 1517 455 1572 sedubi
465 1519 604 1587 speculum
612 1519 961 1588 quoquesensiumsipsum‚

106 1596 235 1649 continuo
252 1612 269 1649 a
285 1595 363 1649 nobis
381 1595 408 1648 in
427 1595 503 1648 idem
521 1611 590 1662 quae
608 1594 696 1648 fertur
714 1595 805 1663 imago

18 1681 24 1688 ’
106 1672 231 1740 pervenit
248 1677 278 1725 et
296 1675 402 1726 nostros
420 1671 511 1725 ocules
528 1672 631 1726 reiecta
648 1672 743 1741 revisit
924 1687 962 1724 ass

106 1754 190 1815 atque
207 1747 289 1801 aliurn
306 1765 372 1818 prae
391 1765 420 1802 se
437 1749 592 1817 propellens
609 1764 673 1802 aera
691 1749 776 1804 volvit

107 1825 218 1878 etfacit
236 1829 267 1878 ut
284 1826 361 1895 prius
378 1825 450 1878 hune
467 1842 550 1894 quam
569 1841 598 1878 se
616 1824 765 1892 videamus,
783 1842 871 1894 eoque

106 1901 209 1954 distare
227 1901 262 1955 ab
280 1900 389 1969 speculo
406 1904 514 1953 tantum
533 1903 638 1954 semota
655 1900 771 1954 videtur.

105 1993 190 2045 quare
208 1977 291 2030 etiam
308 1976 495 2047 atqueletiom
512 1975 624 2028 minime
641 1976 765 2028 mirarier
783 1979 826 2029 est
844 1993 901 2044 par,

104 2052 159 2106 illie
178 2069 247 2120 quor
263 2051 383 2105 reddant
401 2051 572 2120 speculorum
590 2066 624 2103 ex
642 2067 760 2126 aequore
779 2051 874 2117 uisum,
923 2066 961 2104 aso
991 2109 993 2114 ,

104 2127 214 2183 aeribus
231 2127 302 2181 binis
320 2126 447 2195 quoniam
466 2143 510 2179 res
528 2126 612 2179 confit
628 2129 753 2193 utraque.
989 2122 992 2130 '

103 2220 175 2258 nuuc
193 2220 225 2256 ea
242 2220 312 2270 quae
329 2202 408 2256 uobis
426 2202 610 2255 membrorum
627 2201 742 2254 dextera
758 2218 822 2271 pars
840 2206 891 2269 est,

103 2281 132 2334 in
150 2278 316 2347 speculisfit
332 2282 365 2333 ut
382 2279 410 2331 in
427 2278 504 2331 laeva
521 2276 646 2330 videatur
664 2293 695 2330 eo
713 2277 787 2346 quod

103 2355 246 2426 planitiem
262 2355 299 2408 ad
317 2355 419 2425 speculi
435 2355 545 2407 veniens
562 2369 623 2406 cum
641 2353 755 2407 offendit
772 2353 869 2421 imago,

104 2450 157 2486 non
176 2433 346 2487 convertitur
362 2431 509 2494 incolumis
528 2429 577 2483 sed
594 2432 671 2484 recta
687 2433 839 2484 retrorsum
923 2445 959 2482 asu

104 2510 143 2563 sie
161 2508 279 2576 eliditur,
297 2513 329 2563 ut
347 2507 439 2575 siquis,
459 2507 536 2576 prius
553 2506 631 2560 arida
649 2523 730 2575 quam
749 2505 785 2560 sit

104 2588 197 2639 cretea
214 2601 338 2653 persona,
356 2583 461 2636 adlidat
478 2583 584 2652 pilaeve
602 2583 715 2649 trabiue,

105 2665 188 2729 atque
206 2677 238 2713 ea
256 2660 384 2713 continuo
401 2663 505 2712 rectam
523 2658 546 2711 si
564 2658 653 2711 fronto
670 2658 786 2725 figurem

59 2761 92 2795 m
105 2742 196 2791 servet
214 2741 244 2789 et
262 2735 355 2788 elisam
373 2737 448 2788 retro
468 2750 528 2786 sese
545 2733 682 2802 exprimat
699 2733 764 2801 ipsa.

105 2813 154 2866 fiet
171 2813 218 2878 ita,
237 2814 301 2865 ante
320 2810 412 2864 oculus
427 2809 513 2863 fuerit
530 2808 578 2877 qni
596 2807 703 2875 dexter,
721 2810 752 2861 ut
770 2805 844 2859 idem
921 2819 956 2858 ooo

57 2909 91 2942 aas
105 2905 176 2941 nunc
194 2889 231 2941 sit
248 2888 349 2954 laeuus,
367 2889 396 2938 et
414 2901 430 2938 e
447 2884 524 2938 laevo
543 2884 580 2938 sit
596 2886 692 2937 mutua
710 2882 814 2936 dexter.

105 2964 139 3016 fit
150 2980 258 3032 quoque
271 2962 306 3017 de
318 2961 429 3032 speculo
440 2960 469 3013 in
481 2960 622 3030 speculum
634 2961 667 3013 ut
678 2958 806 3013 tradatur
816 2958 920 3021 intimo„

104 3040 224 3107 quinquo
241 3040 325 3095 etiam
344 3055 425 3094 sext-o
443 3042 477 3094 ut
492 3037 559 3094 ieri
574 3035 729 3092 s'iumlsera
742 3031 866 3084 summu.
929 3096 931 3098 Ι

93 3130 159 3167 nam
177 3107 377 3190 quaecumque
395 3121 476 3175 retro
494 3121 584 3191 quarte
600 3111 747 3168 intonuere
756 3099 919 3156 insenum
967 3124 972 3145 ·-
