<?xml version="1.0" encoding="UTF-8"?>
<!DOCTYPE html PUBLIC "-//W3C//DTD XHTML 1.0 Transitional//EN"
    "http://www.w3.org/TR/xhtml1/DTD/xhtml1-transitional.dtd">
<html xmlns="http://www.w3.org/1999/xhtml" xml:lang="en" lang="en">
 <head>
  <title>
</title>
<meta http-equiv="Content-Type" content="text/html;charset=utf-8" />
  <meta name='ocr-system' content='tesseract 3.04.00' />
  <meta name='ocr-capabilities' content='ocr_page ocr_carea ocr_par ocr_line ocrx_word'/>
</head>
<body>
  <div class='ocr_page' id='page_1' title='image "./dererumnaturali08carugoog/dererumnaturali08carugoog_0153.png"; bbox 0 0 2040 3426; ppageno 0'>
   <div class='ocr_carea' id='block_1_1' title="bbox 89 113 562 177">
    <p class='ocr_par' dir='ltr' id='par_1_1' title="bbox 89 113 562 177">
     <span class='ocr_line' id='line_1_1' title="bbox 89 113 562 177; baseline -0.011 0"><span class='ocrx_word' id='word_1_1' title='bbox 89 119 144 177; x_wconf 81' lang='lat' dir='ltr'>lon</span> <span class='ocrx_word' id='word_1_2' title='bbox 493 113 562 174; x_wconf 84' lang='lat' dir='ltr'>IIII</span> 
     </span>
    </p>
   </div>
   <div class='ocr_carea' id='block_1_2' title="bbox 56 219 953 3262">
    <p class='ocr_par' dir='ltr' id='par_1_2' title="bbox 66 219 950 441">
     <span class='ocr_line' id='line_1_2' title="bbox 66 219 767 290; baseline -0.003 -16"><span class='ocrx_word' id='word_1_3' title='bbox 66 277 69 282; x_wconf 70' lang='grc'><strong><em>,</em></strong></span> <span class='ocrx_word' id='word_1_4' title='bbox 87 221 241 290; x_wconf 82' lang='lat' dir='ltr'>refrigescit</span> <span class='ocrx_word' id='word_1_5' title='bbox 259 221 331 273; x_wconf 88' lang='lat' dir='ltr'>onim</span> <span class='ocrx_word' id='word_1_6' title='bbox 349 220 503 274; x_wconf 90' lang='lat' dir='ltr'>cunctando</span> <span class='ocrx_word' id='word_1_7' title='bbox 521 219 602 289; x_wconf 82' lang='lat' dir='ltr'>plaga</span> <span class='ocrx_word' id='word_1_8' title='bbox 619 236 670 288; x_wconf 89' lang='lat' dir='ltr'>pcr</span> <span class='ocrx_word' id='word_1_9' title='bbox 686 232 767 273; x_wconf 82' lang='lat' dir='ltr'>auras</span> 
     </span>
     <span class='ocr_line' id='line_1_3' title="bbox 87 295 822 351; baseline 0 -2"><span class='ocrx_word' id='word_1_10' title='bbox 87 313 138 351; x_wconf 91' lang='lat' dir='ltr'>nec</span> <span class='ocrx_word' id='word_1_11' title='bbox 157 296 243 350; x_wconf 85' lang='lat' dir='ltr'>calida</span> <span class='ocrx_word' id='word_1_12' title='bbox 261 295 297 349; x_wconf 88' lang='lat' dir='ltr'>ad</span> <span class='ocrx_word' id='word_1_13' title='bbox 315 312 423 350; x_wconf 86' lang='lat' dir='ltr'>sensum</span> <span class='ocrx_word' id='word_1_14' title='bbox 442 296 593 351; x_wconf 77' lang='lat' dir='ltr'>decurrrmt</span> <span class='ocrx_word' id='word_1_15' title='bbox 610 296 706 348; x_wconf 87' lang='lat' dir='ltr'>nuntia</span> <span class='ocrx_word' id='word_1_16' title='bbox 722 311 822 350; x_wconf 87' lang='lat' dir='ltr'>rorum.</span> 
     </span>
     <span class='ocr_line' id='line_1_4' title="bbox 87 371 950 441; baseline 0.001 -15"><span class='ocrx_word' id='word_1_17' title='bbox 87 377 181 426; x_wconf 86' lang='lat' dir='ltr'>errant</span> <span class='ocrx_word' id='word_1_18' title='bbox 200 389 282 441; x_wconf 87' lang='lat' dir='ltr'>saepo</span> <span class='ocrx_word' id='word_1_19' title='bbox 300 389 380 426; x_wconf 86' lang='lat' dir='ltr'>canes</span> <span class='ocrx_word' id='word_1_20' title='bbox 397 372 490 441; x_wconf 87' lang='lat' dir='ltr'>itaque</span> <span class='ocrx_word' id='word_1_21' title='bbox 508 375 538 426; x_wconf 88' lang='lat' dir='ltr'>ct</span> <span class='ocrx_word' id='word_1_22' title='bbox 555 371 671 439; x_wconf 80' lang='lat' dir='ltr'>vestigia</span> <span class='ocrx_word' id='word_1_23' title='bbox 688 373 831 439; x_wconf 81' lang='lat' dir='ltr'>quaerunt.</span> <span class='ocrx_word' id='word_1_24' title='bbox 911 372 950 427; x_wconf 79' lang='lat' dir='ltr'>rot</span> 
     </span>
    </p>

    <p class='ocr_par' dir='ltr' id='par_1_3' title="bbox 86 449 950 1658">
     <span class='ocr_line' id='line_1_5' title="bbox 122 449 894 518; baseline -0.001 -15"><span class='ocrx_word' id='word_1_25' title='bbox 122 449 160 518; x_wconf 91' lang='lat' dir='ltr'>[N</span> <span class='ocrx_word' id='word_1_26' title='bbox 162 466 192 503; x_wconf 88' lang='lat' dir='ltr'>cc</span> <span class='ocrx_word' id='word_1_27' title='bbox 210 452 303 503; x_wconf 87' lang='lat' dir='ltr'>tamen</span> <span class='ocrx_word' id='word_1_28' title='bbox 321 449 372 502; x_wconf 91' lang='lat' dir='ltr'>hoc</span> <span class='ocrx_word' id='word_1_29' title='bbox 390 450 454 503; x_wconf 88' lang='lat' dir='ltr'>solis</span> <span class='ocrx_word' id='word_1_30' title='bbox 471 450 499 502; x_wconf 91' lang='lat' dir='ltr'>in</span> <span class='ocrx_word' id='word_1_31' title='bbox 517 449 647 502; x_wconf 86' lang='lat' dir='ltr'>odoribus</span> <span class='ocrx_word' id='word_1_32' title='bbox 664 452 748 516; x_wconf 87' lang='lat' dir='ltr'>atque</span> <span class='ocrx_word' id='word_1_33' title='bbox 765 465 894 518; x_wconf 72' lang='lat' dir='ltr'>sapmrum</span> 
     </span>
     <span class='ocr_line' id='line_1_6' title="bbox 86 523 877 594; baseline 0 -16"><span class='ocrx_word' id='word_1_34' title='bbox 86 526 114 578; x_wconf 94' lang='lat' dir='ltr'>in</span> <span class='ocrx_word' id='word_1_35' title='bbox 132 529 268 593; x_wconf 81' lang='lat' dir='ltr'>generest,</span> <span class='ocrx_word' id='word_1_36' title='bbox 287 525 336 579; x_wconf 89' lang='lat' dir='ltr'>scd</span> <span class='ocrx_word' id='word_1_37' title='bbox 354 527 422 578; x_wconf 91' lang='lat' dir='ltr'>item</span> <span class='ocrx_word' id='word_1_38' title='bbox 440 526 544 594; x_wconf 85' lang='lat' dir='ltr'>speeies</span> <span class='ocrx_word' id='word_1_39' title='bbox 562 541 654 577; x_wconf 87' lang='lat' dir='ltr'>rerum</span> <span class='ocrx_word' id='word_1_40' title='bbox 672 529 755 593; x_wconf 87' lang='lat' dir='ltr'>atquc</span> <span class='ocrx_word' id='word_1_41' title='bbox 772 523 877 578; x_wconf 85' lang='lat' dir='ltr'>colores</span> 
     </span>
     <span class='ocr_line' id='line_1_7' title="bbox 88 600 808 668; baseline 0 -14"><span class='ocrx_word' id='word_1_42' title='bbox 88 618 141 654; x_wconf 92' lang='lat' dir='ltr'>non</span> <span class='ocrx_word' id='word_1_43' title='bbox 158 600 198 655; x_wconf 86' lang='lat' dir='ltr'>ita</span> <span class='ocrx_word' id='word_1_44' title='bbox 216 602 379 655; x_wconf 90' lang='lat' dir='ltr'>conveniunt</span> <span class='ocrx_word' id='word_1_45' title='bbox 397 602 431 653; x_wconf 90' lang='lat' dir='ltr'>ad</span> <span class='ocrx_word' id='word_1_46' title='bbox 451 618 545 654; x_wconf 88' lang='lat' dir='ltr'>sensus</span> <span class='ocrx_word' id='word_1_47' title='bbox 563 600 689 654; x_wconf 88' lang='lat' dir='ltr'>omnibus</span> <span class='ocrx_word' id='word_1_48' title='bbox 707 617 808 668; x_wconf 88' lang='lat' dir='ltr'>omnes,</span> 
     </span>
     <span class='ocr_line' id='line_1_8' title="bbox 88 676 774 744; baseline 0 -15"><span class='ocrx_word' id='word_1_49' title='bbox 88 681 191 731; x_wconf 89' lang='lat' dir='ltr'>utnon</span> <span class='ocrx_word' id='word_1_50' title='bbox 210 677 265 731; x_wconf 87' lang='lat' dir='ltr'>sint</span> <span class='ocrx_word' id='word_1_51' title='bbox 283 677 342 730; x_wconf 87' lang='lat' dir='ltr'>aliis</span> <span class='ocrx_word' id='word_1_52' title='bbox 361 677 495 744; x_wconf 77' lang='lat' dir='ltr'>quaedam</span> <span class='ocrx_word' id='word_1_53' title='bbox 513 677 599 744; x_wconf 83' lang='lat' dir='ltr'>magis</span> <span class='ocrx_word' id='word_1_54' title='bbox 617 677 691 730; x_wconf 89' lang='lat' dir='ltr'>acria</span> <span class='ocrx_word' id='word_1_55' title='bbox 707 676 774 730; x_wconf 86' lang='lat' dir='ltr'>visu.</span> 
     </span>
     <span class='ocr_line' id='line_1_9' title="bbox 89 751 950 822; baseline -0.005 -16"><span class='ocrx_word' id='word_1_56' title='bbox 89 754 154 821; x_wconf 90' lang='lat' dir='ltr'>quin</span> <span class='ocrx_word' id='word_1_57' title='bbox 172 754 255 807; x_wconf 89' lang='lat' dir='ltr'>otiam</span> <span class='ocrx_word' id='word_1_58' title='bbox 272 753 380 821; x_wconf 83' lang='lat' dir='ltr'>gallum,</span> <span class='ocrx_word' id='word_1_59' title='bbox 398 756 506 806; x_wconf 91' lang='lat' dir='ltr'>noctem</span> <span class='ocrx_word' id='word_1_60' title='bbox 524 752 752 822; x_wconf 77' lang='lat' dir='ltr'>explaudentibus</span> <span class='ocrx_word' id='word_1_61' title='bbox 769 751 819 805; x_wconf 87' lang='lat' dir='ltr'>alis</span> <span class='ocrx_word' id='word_1_62' title='bbox 912 763 950 807; x_wconf 80' lang='grc'>710</span> 
     </span>
     <span class='ocr_line' id='line_1_10' title="bbox 90 829 689 896; baseline 0.003 -16"><span class='ocrx_word' id='word_1_63' title='bbox 90 845 216 883; x_wconf 88' lang='lat' dir='ltr'>auroram</span> <span class='ocrx_word' id='word_1_64' title='bbox 234 829 306 883; x_wconf 86' lang='lat' dir='ltr'>clara</span> <span class='ocrx_word' id='word_1_65' title='bbox 324 833 484 882; x_wconf 89' lang='lat' dir='ltr'>consuetum</span> <span class='ocrx_word' id='word_1_66' title='bbox 502 845 568 882; x_wconf 79' lang='lat' dir='ltr'>uoco</span> <span class='ocrx_word' id='word_1_67' title='bbox 585 844 689 896; x_wconf 83' lang='lat' dir='ltr'>vocare,</span> 
     </span>
     <span class='ocr_line' id='line_1_11' title="bbox 89 904 771 973; baseline 0.001 -18"><span class='ocrx_word' id='word_1_68' title='bbox 89 921 179 958; x_wconf 86' lang='lat' dir='ltr'>noenu</span> <span class='ocrx_word' id='word_1_69' title='bbox 197 910 301 973; x_wconf 89' lang='lat' dir='ltr'>queunt</span> <span class='ocrx_word' id='word_1_70' title='bbox 318 904 406 957; x_wconf 90' lang='lat' dir='ltr'>rabidi</span> <span class='ocrx_word' id='word_1_71' title='bbox 425 907 520 958; x_wconf 89' lang='lat' dir='ltr'>contra</span> <span class='ocrx_word' id='word_1_72' title='bbox 537 908 663 958; x_wconf 78' lang='lat' dir='ltr'>constare</span> <span class='ocrx_word' id='word_1_73' title='bbox 678 904 771 958; x_wconf 90' lang='lat' dir='ltr'>leones</span> 
     </span>
     <span class='ocr_line' id='line_1_12' title="bbox 89 980 738 1048; baseline 0.002 -16"><span class='ocrx_word' id='word_1_74' title='bbox 89 980 170 1048; x_wconf 87' lang='lat' dir='ltr'>inque</span> <span class='ocrx_word' id='word_1_75' title='bbox 187 982 272 1035; x_wconf 90' lang='lat' dir='ltr'>tucri:</span> <span class='ocrx_word' id='word_1_76' title='bbox 290 982 330 1034; x_wconf 89' lang='lat' dir='ltr'>ita</span> <span class='ocrx_word' id='word_1_77' title='bbox 346 981 474 1033; x_wconf 91' lang='lat' dir='ltr'>continuo</span> <span class='ocrx_word' id='word_1_78' title='bbox 492 981 639 1034; x_wconf 86' lang='lat' dir='ltr'>meminere</span> <span class='ocrx_word' id='word_1_79' title='bbox 656 981 738 1048; x_wconf 83' lang='lat' dir='ltr'>fugai,</span> 
     </span>
     <span class='ocr_line' id='line_1_13' title="bbox 91 1055 859 1127; baseline 0.004 -20"><span class='ocrx_word' id='word_1_80' title='bbox 91 1055 218 1109; x_wconf 89' lang='lat' dir='ltr'>nimirum</span> <span class='ocrx_word' id='word_1_81' title='bbox 235 1057 299 1125; x_wconf 85' lang='lat' dir='ltr'>quia</span> <span class='ocrx_word' id='word_1_82' title='bbox 316 1060 379 1108; x_wconf 85' lang='lat' dir='ltr'>sunt</span> <span class='ocrx_word' id='word_1_83' title='bbox 396 1056 530 1122; x_wconf 82' lang='lat' dir='ltr'>gallorum</span> <span class='ocrx_word' id='word_1_84' title='bbox 547 1057 575 1108; x_wconf 93' lang='lat' dir='ltr'>in</span> <span class='ocrx_word' id='word_1_85' title='bbox 593 1072 706 1125; x_wconf 88' lang='lat' dir='ltr'>corpore</span> <span class='ocrx_word' id='word_1_86' title='bbox 724 1058 859 1127; x_wconf 87' lang='lat' dir='ltr'>quaedam</span> 
     </span>
     <span class='ocr_line' id='line_1_14' title="bbox 92 1132 949 1201; baseline 0 -17"><span class='ocrx_word' id='word_1_87' title='bbox 92 1132 201 1198; x_wconf 87' lang='lat' dir='ltr'>semina,</span> <span class='ocrx_word' id='word_1_88' title='bbox 220 1149 289 1200; x_wconf 84' lang='lat' dir='ltr'>quae</span> <span class='ocrx_word' id='word_1_89' title='bbox 308 1149 368 1184; x_wconf 90' lang='lat' dir='ltr'>cum</span> <span class='ocrx_word' id='word_1_90' title='bbox 387 1136 450 1185; x_wconf 84' lang='lat' dir='ltr'>sunt</span> <span class='ocrx_word' id='word_1_91' title='bbox 468 1133 551 1186; x_wconf 87' lang='lat' dir='ltr'>oculis</span> <span class='ocrx_word' id='word_1_92' title='bbox 569 1132 680 1185; x_wconf 88' lang='lat' dir='ltr'>imnissa</span> <span class='ocrx_word' id='word_1_93' title='bbox 697 1133 813 1201; x_wconf 89' lang='lat' dir='ltr'>leonum,</span> <span class='ocrx_word' id='word_1_94' title='bbox 913 1144 949 1187; x_wconf 77' lang='grc'>715</span> 
     </span>
     <span class='ocr_line' id='line_1_15' title="bbox 91 1208 705 1277; baseline 0.003 -17"><span class='ocrx_word' id='word_1_95' title='bbox 91 1208 208 1277; x_wconf 85' lang='lat' dir='ltr'>pupillas</span> <span class='ocrx_word' id='word_1_96' title='bbox 225 1208 405 1261; x_wconf 71' lang='lat' dir='ltr'>interfodiunt</span> <span class='ocrx_word' id='word_1_97' title='bbox 422 1225 566 1277; x_wconf 87' lang='lat' dir='ltr'>aeremque</span> <span class='ocrx_word' id='word_1_98' title='bbox 584 1209 705 1263; x_wconf 90' lang='lat' dir='ltr'>dolorem</span> 
     </span>
     <span class='ocr_line' id='line_1_16' title="bbox 93 1284 806 1353; baseline 0.004 -16"><span class='ocrx_word' id='word_1_99' title='bbox 93 1284 233 1351; x_wconf 80' lang='lat' dir='ltr'>praebent,</span> <span class='ocrx_word' id='word_1_100' title='bbox 252 1288 284 1338; x_wconf 95' lang='lat' dir='ltr'>ut</span> <span class='ocrx_word' id='word_1_101' title='bbox 300 1288 438 1353; x_wconf 86' lang='lat' dir='ltr'>nequeant</span> <span class='ocrx_word' id='word_1_102' title='bbox 456 1289 552 1337; x_wconf 86' lang='lat' dir='ltr'>contra</span> <span class='ocrx_word' id='word_1_103' title='bbox 569 1286 668 1338; x_wconf 89' lang='lat' dir='ltr'>durare</span> <span class='ocrx_word' id='word_1_104' title='bbox 686 1286 806 1352; x_wconf 87' lang='lat' dir='ltr'>feroces;</span> 
     </span>
     <span class='ocr_line' id='line_1_17' title="bbox 93 1360 874 1430; baseline 0 -17"><span class='ocrx_word' id='word_1_105' title='bbox 93 1378 154 1414; x_wconf 91' lang='lat' dir='ltr'>cum</span> <span class='ocrx_word' id='word_1_106' title='bbox 172 1363 264 1414; x_wconf 87' lang='lat' dir='ltr'>tamen</span> <span class='ocrx_word' id='word_1_107' title='bbox 281 1360 348 1414; x_wconf 86' lang='lat' dir='ltr'>hace</span> <span class='ocrx_word' id='word_1_108' title='bbox 366 1364 472 1414; x_wconf 87' lang='lat' dir='ltr'>nostras</span> <span class='ocrx_word' id='word_1_109' title='bbox 490 1361 561 1413; x_wconf 76' lang='lat' dir='ltr'>:teies</span> <span class='ocrx_word' id='word_1_110' title='bbox 577 1361 616 1413; x_wconf 90' lang='lat' dir='ltr'>nil</span> <span class='ocrx_word' id='word_1_111' title='bbox 633 1361 744 1415; x_wconf 86' lang='lat' dir='ltr'>laedere</span> <span class='ocrx_word' id='word_1_112' title='bbox 760 1361 874 1430; x_wconf 81' lang='lat' dir='ltr'>possint,</span> 
     </span>
     <span class='ocr_line' id='line_1_18' title="bbox 94 1436 915 1506; baseline -0.001 -16"><span class='ocrx_word' id='word_1_113' title='bbox 94 1441 141 1490; x_wconf 88' lang='lat' dir='ltr'>aut</span> <span class='ocrx_word' id='word_1_114' title='bbox 159 1439 223 1506; x_wconf 90' lang='lat' dir='ltr'>quia</span> <span class='ocrx_word' id='word_1_115' title='bbox 240 1455 293 1491; x_wconf 91' lang='lat' dir='ltr'>non</span> <span class='ocrx_word' id='word_1_116' title='bbox 311 1440 458 1506; x_wconf 89' lang='lat' dir='ltr'>penetrant</span> <span class='ocrx_word' id='word_1_117' title='bbox 475 1440 523 1489; x_wconf 91' lang='lat' dir='ltr'>aut</span> <span class='ocrx_word' id='word_1_118' title='bbox 541 1437 616 1505; x_wconf 91' lang='lat' dir='ltr'>quod</span> <span class='ocrx_word' id='word_1_119' title='bbox 633 1436 843 1506; x_wconf 74' lang='lat' dir='ltr'>penetrantibus</span> <span class='ocrx_word' id='word_1_120' title='bbox 859 1436 915 1490; x_wconf 81' lang='lat' dir='ltr'>illis</span> 
     </span>
     <span class='ocr_line' id='line_1_19' title="bbox 95 1512 949 1579; baseline 0.004 -14"><span class='ocrx_word' id='word_1_121' title='bbox 95 1514 185 1566; x_wconf 85' lang='lat' dir='ltr'>exitus</span> <span class='ocrx_word' id='word_1_122' title='bbox 204 1532 238 1568; x_wconf 82' lang='lat' dir='ltr'>ex</span> <span class='ocrx_word' id='word_1_123' title='bbox 256 1514 340 1567; x_wconf 89' lang='lat' dir='ltr'>oculis</span> <span class='ocrx_word' id='word_1_124' title='bbox 357 1512 427 1566; x_wconf 89' lang='lat' dir='ltr'>liber</span> <span class='ocrx_word' id='word_1_125' title='bbox 445 1513 535 1579; x_wconf 89' lang='lat' dir='ltr'>datur,</span> <span class='ocrx_word' id='word_1_126' title='bbox 553 1513 581 1565; x_wconf 91' lang='lat' dir='ltr'>iu</span> <span class='ocrx_word' id='word_1_127' title='bbox 599 1512 761 1567; x_wconf 88' lang='lat' dir='ltr'>remorando</span> <span class='ocrx_word' id='word_1_128' title='bbox 913 1527 949 1568; x_wconf 78' lang='grc'>777</span> 
     </span>
     <span class='ocr_line' id='line_1_20' title="bbox 96 1587 740 1658; baseline 0.003 -18"><span class='ocrx_word' id='word_1_129' title='bbox 96 1588 204 1642; x_wconf 87' lang='lat' dir='ltr'>laedere</span> <span class='ocrx_word' id='word_1_130' title='bbox 222 1606 257 1642; x_wconf 90' lang='lat' dir='ltr'>ne</span> <span class='ocrx_word' id='word_1_131' title='bbox 274 1589 380 1657; x_wconf 88' lang='lat' dir='ltr'>possint</span> <span class='ocrx_word' id='word_1_132' title='bbox 398 1605 432 1641; x_wconf 84' lang='lat' dir='ltr'>ex</span> <span class='ocrx_word' id='word_1_133' title='bbox 450 1587 506 1641; x_wconf 90' lang='lat' dir='ltr'>ulla</span> <span class='ocrx_word' id='word_1_134' title='bbox 522 1588 625 1641; x_wconf 90' lang='lat' dir='ltr'>lumina</span> <span class='ocrx_word' id='word_1_135' title='bbox 642 1587 740 1658; x_wconf 83' lang='lat' dir='ltr'>parto]</span> 
     </span>
    </p>

    <p class='ocr_par' dir='ltr' id='par_1_4' title="bbox 94 1664 953 3104">
     <span class='ocr_line' id='line_1_21' title="bbox 131 1664 921 1734; baseline 0.003 -17"><span class='ocrx_word' id='word_1_136' title='bbox 131 1665 210 1717; x_wconf 92' lang='lat' dir='ltr'>Nunc</span> <span class='ocrx_word' id='word_1_137' title='bbox 222 1681 273 1731; x_wconf 83' lang='lat' dir='ltr'>age</span> <span class='ocrx_word' id='word_1_138' title='bbox 285 1681 355 1732; x_wconf 88' lang='lat' dir='ltr'>quae</span> <span class='ocrx_word' id='word_1_139' title='bbox 366 1668 493 1718; x_wconf 86' lang='lat' dir='ltr'>moveant</span> <span class='ocrx_word' id='word_1_140' title='bbox 505 1665 623 1717; x_wconf 80' lang='lat' dir='ltr'>animrmr</span> <span class='ocrx_word' id='word_1_141' title='bbox 637 1678 681 1717; x_wconf 88' lang='lat' dir='ltr'>res</span> <span class='ocrx_word' id='word_1_142' title='bbox 692 1665 792 1734; x_wconf 85' lang='lat' dir='ltr'>accipe,</span> <span class='ocrx_word' id='word_1_143' title='bbox 804 1668 833 1719; x_wconf 89' lang='lat' dir='ltr'>ct</span> <span class='ocrx_word' id='word_1_144' title='bbox 845 1664 921 1719; x_wconf 88' lang='lat' dir='ltr'>unde</span> 
     </span>
     <span class='ocr_line' id='line_1_22' title="bbox 95 1738 852 1810; baseline 0.005 -19"><span class='ocrx_word' id='word_1_145' title='bbox 95 1756 164 1807; x_wconf 88' lang='lat' dir='ltr'>quae</span> <span class='ocrx_word' id='word_1_146' title='bbox 182 1741 294 1793; x_wconf 90' lang='lat' dir='ltr'>veniunt</span> <span class='ocrx_word' id='word_1_147' title='bbox 311 1740 421 1793; x_wconf 86' lang='lat' dir='ltr'>veniant</span> <span class='ocrx_word' id='word_1_148' title='bbox 437 1741 464 1792; x_wconf 95' lang='lat' dir='ltr'>in</span> <span class='ocrx_word' id='word_1_149' title='bbox 483 1743 604 1794; x_wconf 91' lang='lat' dir='ltr'>mentem</span> <span class='ocrx_word' id='word_1_150' title='bbox 621 1738 732 1810; x_wconf 87' lang='lat' dir='ltr'>percipe</span> <span class='ocrx_word' id='word_1_151' title='bbox 749 1741 852 1810; x_wconf 74' lang='lat' dir='ltr'>paucis·</span> 
     </span>
     <span class='ocr_line' id='line_1_23' title="bbox 95 1816 761 1885; baseline 0.003 -17"><span class='ocrx_word' id='word_1_152' title='bbox 95 1816 227 1885; x_wconf 88' lang='lat' dir='ltr'>principio</span> <span class='ocrx_word' id='word_1_153' title='bbox 244 1816 295 1869; x_wconf 91' lang='lat' dir='ltr'>hoc</span> <span class='ocrx_word' id='word_1_154' title='bbox 313 1816 381 1882; x_wconf 88' lang='lat' dir='ltr'>dice,</span> <span class='ocrx_word' id='word_1_155' title='bbox 398 1832 490 1868; x_wconf 88' lang='lat' dir='ltr'>rerum</span> <span class='ocrx_word' id='word_1_156' title='bbox 508 1816 652 1869; x_wconf 85' lang='lat' dir='ltr'>simulacra</span> <span class='ocrx_word' id='word_1_157' title='bbox 669 1816 761 1884; x_wconf 81' lang='lat' dir='ltr'>vagari</span> 
     </span>
     <span class='ocr_line' id='line_1_24' title="bbox 95 1891 950 1961; baseline 0.002 -17"><span class='ocrx_word' id='word_1_158' title='bbox 95 1894 179 1947; x_wconf 87' lang='lat' dir='ltr'>multa</span> <span class='ocrx_word' id='word_1_159' title='bbox 197 1892 285 1947; x_wconf 87' lang='lat' dir='ltr'>modis</span> <span class='ocrx_word' id='word_1_160' title='bbox 302 1893 395 1945; x_wconf 88' lang='lat' dir='ltr'>multis</span> <span class='ocrx_word' id='word_1_161' title='bbox 412 1892 440 1944; x_wconf 90' lang='lat' dir='ltr'>in</span> <span class='ocrx_word' id='word_1_162' title='bbox 458 1895 570 1945; x_wconf 84' lang='lat' dir='ltr'>cunetas</span> <span class='ocrx_word' id='word_1_163' title='bbox 587 1891 708 1960; x_wconf 91' lang='lat' dir='ltr'>undiquc</span> <span class='ocrx_word' id='word_1_164' title='bbox 725 1892 812 1961; x_wconf 86' lang='lat' dir='ltr'>partis</span> <span class='ocrx_word' id='word_1_165' title='bbox 913 1905 950 1946; x_wconf 77' lang='lat'>⁷2⁵</span> 
     </span>
     <span class='ocr_line' id='line_1_25' title="bbox 96 1967 823 2038; baseline -0.001 -16"><span class='ocrx_word' id='word_1_166' title='bbox 96 1971 193 2038; x_wconf 89' lang='lat' dir='ltr'>tenvia,</span> <span class='ocrx_word' id='word_1_167' title='bbox 212 1986 282 2038; x_wconf 87' lang='lat' dir='ltr'>quae</span> <span class='ocrx_word' id='word_1_168' title='bbox 300 1969 378 2022; x_wconf 87' lang='lat' dir='ltr'>facilc</span> <span class='ocrx_word' id='word_1_169' title='bbox 396 1969 468 2022; x_wconf 90' lang='lat' dir='ltr'>iuter</span> <span class='ocrx_word' id='word_1_170' title='bbox 486 1984 515 2020; x_wconf 87' lang='lat' dir='ltr'>se</span> <span class='ocrx_word' id='word_1_171' title='bbox 532 1967 681 2035; x_wconf 74' lang='lat' dir='ltr'>iungrmtur</span> <span class='ocrx_word' id='word_1_172' title='bbox 697 1967 724 2021; x_wconf 92' lang='lat' dir='ltr'>in</span> <span class='ocrx_word' id='word_1_173' title='bbox 743 1968 823 2035; x_wconf 90' lang='lat' dir='ltr'>auris,</span> 
     </span>
     <span class='ocr_line' id='line_1_26' title="bbox 95 2042 815 2111; baseline 0.007 -18"><span class='ocrx_word' id='word_1_174' title='bbox 95 2045 173 2098; x_wconf 70' lang='lat' dir='ltr'>ebria</span> <span class='ocrx_word' id='word_1_175' title='bbox 190 2063 251 2100; x_wconf 91' lang='lat' dir='ltr'>eum</span> <span class='ocrx_word' id='word_1_176' title='bbox 270 2046 389 2110; x_wconf 83' lang='lat' dir='ltr'>veniunt,</span> <span class='ocrx_word' id='word_1_177' title='bbox 407 2048 439 2097; x_wconf 92' lang='lat' dir='ltr'>ut</span> <span class='ocrx_word' id='word_1_178' title='bbox 455 2059 553 2097; x_wconf 83' lang='lat' dir='ltr'>aranea</span> <span class='ocrx_word' id='word_1_179' title='bbox 569 2042 732 2111; x_wconf 86' lang='lat' dir='ltr'>bratteaque</span> <span class='ocrx_word' id='word_1_180' title='bbox 749 2044 815 2098; x_wconf 81' lang='lat' dir='ltr'>auri.</span> 
     </span>
     <span class='ocr_line' id='line_1_27' title="bbox 96 2118 896 2191; baseline -0.003 -17"><span class='ocrx_word' id='word_1_181' title='bbox 96 2122 196 2191; x_wconf 85' lang='lat' dir='ltr'>quippe</span> <span class='ocrx_word' id='word_1_182' title='bbox 214 2123 314 2175; x_wconf 88' lang='lat' dir='ltr'>etenim</span> <span class='ocrx_word' id='word_1_183' title='bbox 333 2122 418 2175; x_wconf 91' lang='lat' dir='ltr'>multo</span> <span class='ocrx_word' id='word_1_184' title='bbox 436 2119 523 2186; x_wconf 80' lang='lat' dir='ltr'>magis</span> <span class='ocrx_word' id='word_1_185' title='bbox 540 2118 607 2172; x_wconf 88' lang='lat' dir='ltr'>haec</span> <span class='ocrx_word' id='word_1_186' title='bbox 625 2119 798 2179; x_wconf 86' lang='lat' dir='ltr'>sunt.tcnria</span> <span class='ocrx_word' id='word_1_187' title='bbox 815 2121 896 2173; x_wconf 86' lang='lat' dir='ltr'>textu</span> 
     </span>
     <span class='ocr_line' id='line_1_28' title="bbox 97 2195 866 2267; baseline -0.001 -18"><span class='ocrx_word' id='word_1_188' title='bbox 97 2215 177 2265; x_wconf 91' lang='lat' dir='ltr'>quam</span> <span class='ocrx_word' id='word_1_189' title='bbox 195 2214 264 2267; x_wconf 88' lang='lat' dir='ltr'>quae</span> <span class='ocrx_word' id='word_1_190' title='bbox 282 2198 436 2267; x_wconf 89' lang='lat' dir='ltr'>percipiunt</span> <span class='ocrx_word' id='word_1_191' title='bbox 455 2195 546 2249; x_wconf 93' lang='lat' dir='ltr'>oeulos</span> <span class='ocrx_word' id='word_1_192' title='bbox 564 2195 705 2262; x_wconf 87' lang='lat' dir='ltr'>visumque</span> <span class='ocrx_word' id='word_1_193' title='bbox 722 2195 866 2263; x_wconf 87' lang='lat' dir='ltr'>lacessunt,</span> 
     </span>
     <span class='ocr_line' id='line_1_29' title="bbox 96 2271 951 2342; baseline -0.005 -17"><span class='ocrx_word' id='word_1_194' title='bbox 96 2274 215 2342; x_wconf 77' lang='lat' dir='ltr'>corporis</span> <span class='ocrx_word' id='word_1_195' title='bbox 227 2274 294 2328; x_wconf 88' lang='lat' dir='ltr'>haec</span> <span class='ocrx_word' id='word_1_196' title='bbox 306 2274 432 2341; x_wconf 89' lang='lat' dir='ltr'>quoniam</span> <span class='ocrx_word' id='word_1_197' title='bbox 445 2274 591 2342; x_wconf 88' lang='lat' dir='ltr'>penetrant</span> <span class='ocrx_word' id='word_1_198' title='bbox 602 2288 652 2340; x_wconf 89' lang='lat' dir='ltr'>per</span> <span class='ocrx_word' id='word_1_199' title='bbox 664 2287 726 2323; x_wconf 88' lang='lat' dir='ltr'>rara</span> <span class='ocrx_word' id='word_1_200' title='bbox 737 2271 863 2339; x_wconf 88' lang='lat' dir='ltr'>cientque</span> <span class='ocrx_word' id='word_1_201' title='bbox 913 2287 951 2326; x_wconf 76' lang='lat' dir='ltr'>rm</span> 
     </span>
     <span class='ocr_line' id='line_1_30' title="bbox 98 2347 880 2415; baseline -0.005 -12"><span class='ocrx_word' id='word_1_202' title='bbox 98 2354 206 2403; x_wconf 81' lang='lat' dir='ltr'>tenuem</span> <span class='ocrx_word' id='word_1_203' title='bbox 223 2351 305 2403; x_wconf 86' lang='lat' dir='ltr'>animi</span> <span class='ocrx_word' id='word_1_204' title='bbox 323 2353 448 2402; x_wconf 90' lang='lat' dir='ltr'>naturam</span> <span class='ocrx_word' id='word_1_205' title='bbox 465 2349 539 2401; x_wconf 91' lang='lat' dir='ltr'>intus</span> <span class='ocrx_word' id='word_1_206' title='bbox 557 2364 719 2415; x_wconf 86' lang='lat' dir='ltr'>sensumque</span> <span class='ocrx_word' id='word_1_207' title='bbox 736 2347 880 2400; x_wconf 87' lang='lat' dir='ltr'>lacessunt.</span> 
     </span>
     <span class='ocr_line' id='line_1_31' title="bbox 99 2421 930 2492; baseline 0 -15"><span class='ocrx_word' id='word_1_208' title='bbox 99 2427 249 2478; x_wconf 76' lang='lat' dir='ltr'>Centauros</span> <span class='ocrx_word' id='word_1_209' title='bbox 266 2426 359 2492; x_wconf 89' lang='lat' dir='ltr'>itaquo</span> <span class='ocrx_word' id='word_1_210' title='bbox 378 2428 407 2477; x_wconf 89' lang='lat' dir='ltr'>et</span> <span class='ocrx_word' id='word_1_211' title='bbox 426 2424 575 2490; x_wconf 84' lang='lat' dir='ltr'>Scyllarum</span> <span class='ocrx_word' id='word_1_212' title='bbox 596 2422 720 2475; x_wconf 90' lang='lat' dir='ltr'>membra</span> <span class='ocrx_word' id='word_1_213' title='bbox 738 2421 861 2474; x_wconf 83' lang='lat' dir='ltr'>ridemus</span> <span class='ocrx_word' id='word_1_214' title='bbox 926 2467 930 2477; x_wconf 95' lang='lat'><em>.</em></span> 
     </span>
     <span class='ocr_line' id='line_1_32' title="bbox 99 2499 845 2569; baseline -0.009 -14"><span class='ocrx_word' id='word_1_215' title='bbox 99 2501 301 2569; x_wconf 84' lang='lat' dir='ltr'>Cerbereasque</span> <span class='ocrx_word' id='word_1_216' title='bbox 320 2517 416 2554; x_wconf 88' lang='lat' dir='ltr'>cauum</span> <span class='ocrx_word' id='word_1_217' title='bbox 435 2500 518 2553; x_wconf 85' lang='lat' dir='ltr'>facies</span> <span class='ocrx_word' id='word_1_218' title='bbox 538 2499 734 2567; x_wconf 86' lang='lat' dir='ltr'>simulacraque</span> <span class='ocrx_word' id='word_1_219' title='bbox 753 2513 845 2551; x_wconf 90' lang='lat' dir='ltr'>corum</span> 
     </span>
     <span class='ocr_line' id='line_1_33' title="bbox 96 2575 798 2645; baseline -0.006 -15"><span class='ocrx_word' id='word_1_220' title='bbox 96 2593 211 2645; x_wconf 87' lang='lat' dir='ltr'>quorum</span> <span class='ocrx_word' id='word_1_221' title='bbox 228 2580 317 2631; x_wconf 88' lang='lat' dir='ltr'>morte</span> <span class='ocrx_word' id='word_1_222' title='bbox 334 2576 410 2630; x_wconf 90' lang='lat' dir='ltr'>obita</span> <span class='ocrx_word' id='word_1_223' title='bbox 429 2576 510 2629; x_wconf 87' lang='lat' dir='ltr'>tellus</span> <span class='ocrx_word' id='word_1_224' title='bbox 528 2575 705 2644; x_wconf 89' lang='lat' dir='ltr'>amplectitur</span> <span class='ocrx_word' id='word_1_225' title='bbox 723 2590 798 2638; x_wconf 88' lang='lat' dir='ltr'>essa;</span> 
     </span>
     <span class='ocr_line' id='line_1_34' title="bbox 98 2651 945 2722; baseline -0.009 -14"><span class='ocrx_word' id='word_1_226' title='bbox 98 2671 178 2708; x_wconf 89' lang='lat' dir='ltr'>omne</span> <span class='ocrx_word' id='word_1_227' title='bbox 194 2669 280 2722; x_wconf 80' lang='lat' dir='ltr'>genus</span> <span class='ocrx_word' id='word_1_228' title='bbox 298 2653 426 2722; x_wconf 87' lang='lat' dir='ltr'>quoniam</span> <span class='ocrx_word' id='word_1_229' title='bbox 443 2652 545 2722; x_wconf 83' lang='lat' dir='ltr'>passim</span> <span class='ocrx_word' id='word_1_230' title='bbox 565 2651 706 2703; x_wconf 83' lang='lat' dir='ltr'>simulacra</span> <span class='ocrx_word' id='word_1_231' title='bbox 724 2651 856 2714; x_wconf 85' lang='lat' dir='ltr'>feruntur,</span> <span class='ocrx_word' id='word_1_232' title='bbox 912 2662 945 2701; x_wconf 74' lang='lat' dir='ltr'>aa</span> 
     </span>
     <span class='ocr_line' id='line_1_35' title="bbox 98 2726 772 2801; baseline -0.01 -16"><span class='ocrx_word' id='word_1_233' title='bbox 98 2731 198 2800; x_wconf 89' lang='lat' dir='ltr'>partim</span> <span class='ocrx_word' id='word_1_234' title='bbox 216 2733 313 2801; x_wconf 87' lang='lat' dir='ltr'>sponte</span> <span class='ocrx_word' id='word_1_235' title='bbox 333 2746 382 2784; x_wconf 86' lang='lat' dir='ltr'>sua</span> <span class='ocrx_word' id='word_1_236' title='bbox 400 2746 471 2799; x_wconf 87' lang='lat' dir='ltr'>quae</span> <span class='ocrx_word' id='word_1_237' title='bbox 490 2729 560 2781; x_wconf 88' lang='lat' dir='ltr'>fiunt</span> <span class='ocrx_word' id='word_1_238' title='bbox 578 2743 641 2779; x_wconf 88' lang='lat' dir='ltr'>acre</span> <span class='ocrx_word' id='word_1_239' title='bbox 659 2727 687 2779; x_wconf 92' lang='lat' dir='ltr'>in</span> <span class='ocrx_word' id='word_1_240' title='bbox 705 2726 772 2794; x_wconf 85' lang='lat' dir='ltr'>ipso,</span> 
     </span>
     <span class='ocr_line' id='line_1_36' title="bbox 99 2802 824 2876; baseline -0.011 -14"><span class='ocrx_word' id='word_1_241' title='bbox 99 2809 199 2876; x_wconf 88' lang='lat' dir='ltr'>partim</span> <span class='ocrx_word' id='word_1_242' title='bbox 217 2825 286 2876; x_wconf 85' lang='lat' dir='ltr'>quae</span> <span class='ocrx_word' id='word_1_243' title='bbox 304 2807 386 2863; x_wconf 90' lang='lat' dir='ltr'>variis</span> <span class='ocrx_word' id='word_1_244' title='bbox 404 2806 439 2859; x_wconf 85' lang='lat' dir='ltr'>ab</span> <span class='ocrx_word' id='word_1_245' title='bbox 457 2803 539 2858; x_wconf 85' lang='lat' dir='ltr'>rebus</span> <span class='ocrx_word' id='word_1_246' title='bbox 558 2819 673 2871; x_wconf 89' lang='lat' dir='ltr'>cumque</span> <span class='ocrx_word' id='word_1_247' title='bbox 691 2802 824 2856; x_wconf 86' lang='lat' dir='ltr'>recedunt</span> 
     </span>
     <span class='ocr_line' id='line_1_37' title="bbox 100 2878 732 2951; baseline -0.009 -16"><span class='ocrx_word' id='word_1_248' title='bbox 100 2887 129 2936; x_wconf 90' lang='lat' dir='ltr'>et</span> <span class='ocrx_word' id='word_1_249' title='bbox 146 2901 215 2951; x_wconf 85' lang='lat' dir='ltr'>quae</span> <span class='ocrx_word' id='word_1_250' title='bbox 233 2884 354 2939; x_wconf 88' lang='lat' dir='ltr'>confiunt</span> <span class='ocrx_word' id='word_1_251' title='bbox 373 2900 407 2937; x_wconf 86' lang='lat' dir='ltr'>ex</span> <span class='ocrx_word' id='word_1_252' title='bbox 424 2881 522 2935; x_wconf 89' lang='lat' dir='ltr'>horum</span> <span class='ocrx_word' id='word_1_253' title='bbox 540 2879 613 2933; x_wconf 88' lang='lat' dir='ltr'>facta</span> <span class='ocrx_word' id='word_1_254' title='bbox 630 2878 732 2944; x_wconf 81' lang='lat' dir='ltr'>figuris.</span> 
     </span>
     <span class='ocr_line' id='line_1_38' title="bbox 100 2953 768 3020; baseline -0.007 -10"><span class='ocrx_word' id='word_1_255' title='bbox 100 2975 163 3011; x_wconf 86' lang='lat' dir='ltr'>nam</span> <span class='ocrx_word' id='word_1_256' title='bbox 179 2965 255 3014; x_wconf 89' lang='lat' dir='ltr'>corto</span> <span class='ocrx_word' id='word_1_257' title='bbox 271 2978 306 3014; x_wconf 82' lang='lat' dir='ltr'>ex</span> <span class='ocrx_word' id='word_1_258' title='bbox 323 2961 385 3014; x_wconf 79' lang='lat' dir='ltr'>rivo</span> <span class='ocrx_word' id='word_1_259' title='bbox 404 2956 534 3013; x_wconf 79' lang='lat' dir='ltr'>Centauri</span> <span class='ocrx_word' id='word_1_260' title='bbox 551 2971 605 3008; x_wconf 91' lang='lat' dir='ltr'>non</span> <span class='ocrx_word' id='word_1_261' title='bbox 623 2953 655 3006; x_wconf 92' lang='lat' dir='ltr'>fit</span> <span class='ocrx_word' id='word_1_262' title='bbox 672 2953 768 3020; x_wconf 82' lang='lat' dir='ltr'>imago,</span> 
     </span>
     <span class='ocr_line' id='line_1_39' title="bbox 94 3030 953 3104; baseline 0 -21"><span class='ocrx_word' id='word_1_263' title='bbox 94 3033 172 3087; x_wconf 80' lang='lat' dir='ltr'>nulla</span> <span class='ocrx_word' id='word_1_264' title='bbox 187 3034 243 3088; x_wconf 75' lang='lat' dir='ltr'>run</span> <span class='ocrx_word' id='word_1_265' title='bbox 259 3036 389 3104; x_wconf 89' lang='lat' dir='ltr'>quoniam</span> <span class='ocrx_word' id='word_1_266' title='bbox 407 3034 471 3090; x_wconf 86' lang='lat' dir='ltr'>talis</span> <span class='ocrx_word' id='word_1_267' title='bbox 488 3035 588 3087; x_wconf 87' lang='lat' dir='ltr'>natura</span> <span class='ocrx_word' id='word_1_268' title='bbox 605 3030 760 3096; x_wconf 73' lang='lat' dir='ltr'>animantia,</span> <span class='ocrx_word' id='word_1_269' title='bbox 914 3043 953 3085; x_wconf 73' lang='lat' dir='ltr'>rso</span> 
     </span>
    </p>

    <p class='ocr_par' dir='ltr' id='par_1_5' title="bbox 56 3104 929 3262">
     <span class='ocr_line' id='line_1_40' title="bbox 81 3104 929 3184; baseline -0.005 -28"><span class='ocrx_word' id='word_1_270' title='bbox 81 3121 177 3160; x_wconf 80' lang='lat' dir='ltr'>rerum</span> <span class='ocrx_word' id='word_1_271' title='bbox 197 3110 248 3165; x_wconf 89' lang='lat' dir='ltr'>nbi</span> <span class='ocrx_word' id='word_1_272' title='bbox 263 3113 333 3181; x_wconf 86' lang='lat' dir='ltr'>equi</span> <span class='ocrx_word' id='word_1_273' title='bbox 349 3116 440 3184; x_wconf 88' lang='lat' dir='ltr'>atque</span> <span class='ocrx_word' id='word_1_274' title='bbox 459 3108 582 3168; x_wconf 87' lang='lat' dir='ltr'>hominis</span> <span class='ocrx_word' id='word_1_275' title='bbox 600 3121 668 3161; x_wconf 78' lang='lat' dir='ltr'>casu</span> <span class='ocrx_word' id='word_1_276' title='bbox 684 3104 929 3166; x_wconf 54' lang='lat' dir='ltr'>conuenitimago,</span> 
     </span>
     <span class='ocr_line' id='line_1_41' title="bbox 56 3178 854 3262; baseline 0.004 -30"><span class='ocrx_word' id='word_1_277' title='bbox 56 3178 209 3240; x_wconf 80' lang='lat' dir='ltr'>haerescit</span> <span class='ocrx_word' id='word_1_278' title='bbox 226 3188 313 3243; x_wconf 70' lang='lat' dir='ltr'>troilo</span> <span class='ocrx_word' id='word_1_279' title='bbox 330 3190 496 3262; x_wconf 83' lang='lat' dir='ltr'>extemplo,</span> <span class='ocrx_word' id='word_1_280' title='bbox 516 3185 599 3258; x_wconf 86' lang='lat' dir='ltr'>quod</span> <span class='ocrx_word' id='word_1_281' title='bbox 618 3181 745 3234; x_wconf 73' lang='lat' dir='ltr'>diximus</span> <span class='ocrx_word' id='word_1_282' title='bbox 760 3180 854 3235; x_wconf 52' lang='lat' dir='ltr'>aare*</span> 
     </span>
    </p>
   </div>
   <div class='ocr_carea' id='block_1_3' title="bbox 0 0 1040 3426">
    <p class='ocr_par' dir='ltr' id='par_1_6' title="bbox 0 0 1040 3426">
     <span class='ocr_line' id='line_1_42' title="bbox 0 0 1040 3426; baseline 0 0"><span class='ocrx_word' id='word_1_283' title='bbox 0 0 1040 3426; x_wconf 95' lang='lat' dir='ltr'> </span> 
     </span>
    </p>
   </div>
   <div class='ocr_carea' id='block_1_4' title="bbox 31 3378 75 3390">
    <p class='ocr_par' dir='ltr' id='par_1_7' title="bbox 31 3378 75 3390">
     <span class='ocr_line' id='line_1_43' title="bbox 31 3378 75 3390; baseline -0.023 0"><span class='ocrx_word' id='word_1_284' title='bbox 31 3378 75 3390; x_wconf 66' lang='grc' dir='ltr'>-ι</span> 
     </span>
    </p>
   </div>
  </div>
 </body>
</html>
